timeStamp,sym,price,qty
2023-01-01D12:00:00.000013860,USDJPY,114999861,224
2023-01-01D12:00:00.000066391,EURUSD,1199153,852
2023-01-01D12:00:00.000451430,GBPUSD,1350157,507
2023-01-01D12:00:01.000124144,EURUSD,1200009,140
2023-01-01D12:00:01.000217154,USDJPY,114999759,696
2023-01-01D12:00:01.000875410,GBPUSD,1349003,576
2023-01-01D12:00:02.000008635,EURUSD,1200126,242
2023-01-01D12:00:02.000745845,USDJPY,114999372,442
2023-01-01D12:00:02.000796309,GBPUSD,1349610,940
2023-01-01D12:00:03.000729811,GBPUSD,1350305,124
2023-01-01D12:00:03.000787756,EURUSD,1200051,563
2023-01-01D12:00:03.000872599,USDJPY,115000684,231
2023-01-01D12:00:04.000167577,USDJPY,114999157,156
2023-01-01D12:00:04.000327925,GBPUSD,1349241,595
2023-01-01D12:00:04.000343639,EURUSD,1199470,239
2023-01-01D12:00:05.000025306,EURUSD,1200902,122
2023-01-01D12:00:05.000462309,USDJPY,114999884,688
2023-01-01D12:00:05.000967380,GBPUSD,1350356,213
2023-01-01D12:00:06.000134535,GBPUSD,1350024,344
2023-01-01D12:00:06.000475254,EURUSD,1199533,884
2023-01-01D12:00:06.000698074,USDJPY,114999826,408
2023-01-01D12:00:07.000540551,EURUSD,1199621,293
2023-01-01D12:00:07.000670462,GBPUSD,1350755,789
2023-01-01D12:00:07.000806991,USDJPY,114999020,494
2023-01-01D12:00:08.000161266,GBPUSD,1349297,556
2023-01-01D12:00:08.000501287,USDJPY,115000725,915
2023-01-01D12:00:08.000587559,EURUSD,1200502,513
2023-01-01D12:00:09.000339810,USDJPY,115000487,798
2023-01-01D12:00:09.000623188,EURUSD,1200977,709
2023-01-01D12:00:09.000809979,GBPUSD,1349536,262
2023-01-01D12:00:10.000274067,USDJPY,114999525,438
2023-01-01D12:00:10.000762508,GBPUSD,1350178,323
2023-01-01D12:00:10.000828282,EURUSD,1199249,44
2023-01-01D12:00:11.000030812,USDJPY,114999660,920
2023-01-01D12:00:11.000206586,GBPUSD,1350014,216
2023-01-01D12:00:11.000945686,EURUSD,1200053,636
2023-01-01D12:00:12.000076901,USDJPY,114999747,605
2023-01-01D12:00:12.000245347,GBPUSD,1349877,765
2023-01-01D12:00:12.000263495,EURUSD,1199475,529
2023-01-01D12:00:13.000315382,GBPUSD,1349264,627
2023-01-01D12:00:13.000449791,EURUSD,1200301,655
2023-01-01D12:00:13.000528240,USDJPY,115000709,453
2023-01-01D12:00:14.000002120,GBPUSD,1350888,765
2023-01-01D12:00:14.000132391,USDJPY,114999479,653
2023-01-01D12:00:14.000188392,EURUSD,1200138,791
2023-01-01D12:00:15.000024012,GBPUSD,1350736,675
2023-01-01D12:00:15.000448440,USDJPY,114999344,69
2023-01-01D12:00:15.000659151,EURUSD,1199259,455
2023-01-01D12:00:16.000191927,EURUSD,1199341,605
2023-01-01D12:00:16.000333909,GBPUSD,1350185,768
2023-01-01D12:00:16.000909347,USDJPY,114999982,707
2023-01-01D12:00:17.000261394,GBPUSD,1349325,741
2023-01-01D12:00:17.000357843,USDJPY,114999386,162
2023-01-01D12:00:17.000648966,EURUSD,1199819,340
2023-01-01D12:00:18.000258578,GBPUSD,1350033,525
2023-01-01D12:00:18.000273022,USDJPY,115000418,196
2023-01-01D12:00:18.000373679,EURUSD,1199588,533
2023-01-01D12:00:19.000117937,USDJPY,115000438,437
2023-01-01D12:00:19.000422872,GBPUSD,1349742,438
2023-01-01D12:00:19.000664192,EURUSD,1199477,656
2023-01-01D12:00:20.000099710,USDJPY,115000071,422
2023-01-01D12:00:20.000109380,GBPUSD,1349596,599
2023-01-01D12:00:20.000450171,EURUSD,1199972,720
2023-01-01D12:00:21.000516978,EURUSD,1200824,495
2023-01-01D12:00:21.000722926,GBPUSD,1349057,540
2023-01-01D12:00:21.000910137,USDJPY,115000001,802
2023-01-01D12:00:22.000035555,EURUSD,1200455,525
2023-01-01D12:00:22.000494434,USDJPY,114999666,723
2023-01-01D12:00:22.000530338,GBPUSD,1350757,191
2023-01-01D12:00:23.000116111,USDJPY,115000041,926
2023-01-01D12:00:23.000342912,GBPUSD,1349682,617
2023-01-01D12:00:23.000649694,EURUSD,1200671,181
2023-01-01D12:00:24.000362379,EURUSD,1199489,318
2023-01-01D12:00:24.000367301,GBPUSD,1350375,225
2023-01-01D12:00:24.000532349,USDJPY,114999294,869
2023-01-01D12:00:25.000462099,USDJPY,115000117,244
2023-01-01D12:00:25.000664894,EURUSD,1200783,366
2023-01-01D12:00:25.000696840,GBPUSD,1350909,344
2023-01-01D12:00:26.000392491,EURUSD,1199385,833
2023-01-01D12:00:26.000570498,USDJPY,115000771,815
2023-01-01D12:00:26.000625220,GBPUSD,1349498,828
2023-01-01D12:00:27.000211166,EURUSD,1200368,145
2023-01-01D12:00:27.000912719,USDJPY,114999810,34
2023-01-01D12:00:27.000915512,GBPUSD,1350580,554
2023-01-01D12:00:28.000093282,USDJPY,115000841,168
2023-01-01D12:00:28.000267278,EURUSD,1199987,529
2023-01-01D12:00:28.000918959,GBPUSD,1349150,126
2023-01-01D12:00:29.000005705,GBPUSD,1350196,50
2023-01-01D12:00:29.000871453,USDJPY,115000552,513
2023-01-01D12:00:29.000932775,EURUSD,1200228,924
2023-01-01D12:00:30.000491806,USDJPY,114999629,992
2023-01-01D12:00:30.000716596,EURUSD,1200950,316
2023-01-01D12:00:30.000928505,GBPUSD,1350628,480
2023-01-01D12:00:31.000068719,USDJPY,114999215,264
2023-01-01D12:00:31.000620425,GBPUSD,1349317,584
2023-01-01D12:00:31.000892422,EURUSD,1200207,194
2023-01-01D12:00:32.000429522,USDJPY,114999028,704
2023-01-01D12:00:32.000918110,GBPUSD,1349976,167
2023-01-01D12:00:32.000919803,EURUSD,1199960,486
2023-01-01D12:00:33.000582393,EURUSD,1200931,353
2023-01-01D12:00:33.000813620,GBPUSD,1349687,432
2023-01-01D12:00:33.000950835,USDJPY,115000908,866
2023-01-01D12:00:34.000009861,GBPUSD,1350149,129
2023-01-01D12:00:34.000140981,USDJPY,115000224,577
2023-01-01D12:00:34.000606499,EURUSD,1200582,632
2023-01-01D12:00:35.000276340,USDJPY,114999023,765
2023-01-01D12:00:35.000697598,EURUSD,1199098,900
2023-01-01D12:00:35.000868983,GBPUSD,1349660,690
2023-01-01D12:00:36.000060205,GBPUSD,1350539,34
2023-01-01D12:00:36.000401159,EURUSD,1199066,869
2023-01-01D12:00:36.000969887,USDJPY,114999681,128
2023-01-01D12:00:37.000618193,USDJPY,114999090,88
2023-01-01D12:00:37.000639635,EURUSD,1199834,201
2023-01-01D12:00:37.000873264,GBPUSD,1349471,371
2023-01-01D12:00:38.000018438,USDJPY,115000949,528
2023-01-01D12:00:38.000601309,GBPUSD,1349955,102
2023-01-01D12:00:38.000825280,EURUSD,1200187,497
2023-01-01D12:00:39.000066929,GBPUSD,1350682,568
2023-01-01D12:00:39.000784157,USDJPY,115000744,36
2023-01-01D12:00:39.000826834,EURUSD,1200967,168
2023-01-01D12:00:40.000221066,USDJPY,114999025,948
2023-01-01D12:00:40.000469984,EURUSD,1199096,121
2023-01-01D12:00:40.000491337,GBPUSD,1350570,910
2023-01-01D12:00:41.000127718,GBPUSD,1349693,570
2023-01-01D12:00:41.000590522,USDJPY,115000359,53
2023-01-01D12:00:41.000813350,EURUSD,1200310,756
2023-01-01D12:00:42.000603238,EURUSD,1199434,372
2023-01-01D12:00:42.000812357,GBPUSD,1349399,427
2023-01-01D12:00:42.000878786,USDJPY,114999693,549
2023-01-01D12:00:43.000105445,USDJPY,114999163,913
2023-01-01D12:00:43.000110007,EURUSD,1199523,423
2023-01-01D12:00:43.000743530,GBPUSD,1349227,445
2023-01-01D12:00:44.000441749,USDJPY,114999877,227
2023-01-01D12:00:44.000464817,GBPUSD,1349767,830
2023-01-01D12:00:44.000952852,EURUSD,1199731,800
2023-01-01D12:00:45.000099812,GBPUSD,1350863,698
2023-01-01D12:00:45.000817393,USDJPY,115000124,470
2023-01-01D12:00:45.000986342,EURUSD,1200934,419
2023-01-01D12:00:46.000054522,GBPUSD,1349862,628
2023-01-01D12:00:46.000074382,USDJPY,114999551,510
2023-01-01D12:00:46.000101949,EURUSD,1199439,57
2023-01-01D12:00:47.000323022,EURUSD,1200129,861
2023-01-01D12:00:47.000593379,GBPUSD,1350150,494
2023-01-01D12:00:47.000895093,USDJPY,115000761,309
2023-01-01D12:00:48.000271952,GBPUSD,1350387,940
2023-01-01D12:00:48.000275415,USDJPY,114999721,25
2023-01-01D12:00:48.000536423,EURUSD,1199522,389
2023-01-01D12:00:49.000629991,EURUSD,1199344,96
2023-01-01D12:00:49.000763648,GBPUSD,1349762,779
2023-01-01D12:00:49.000985035,USDJPY,115000489,261
2023-01-01D12:00:50.000210741,GBPUSD,1349563,259
2023-01-01D12:00:50.000388995,EURUSD,1200297,230
2023-01-01D12:00:50.000771133,USDJPY,115000361,147
2023-01-01D12:00:51.000012082,EURUSD,1200402,708
2023-01-01D12:00:51.000023061,USDJPY,114999895,35
2023-01-01D12:00:51.000245883,GBPUSD,1349300,397
2023-01-01D12:00:52.000061300,GBPUSD,1349053,188
2023-01-01D12:00:52.000424264,EURUSD,1200000,81
2023-01-01D12:00:52.000793384,USDJPY,114999458,634
2023-01-01D12:00:53.000137137,GBPUSD,1350832,669
2023-01-01D12:00:53.000303629,EURUSD,1200979,214
2023-01-01D12:00:53.000505484,USDJPY,114999699,28
2023-01-01D12:00:54.000460228,USDJPY,114999582,619
2023-01-01D12:00:54.000620810,GBPUSD,1349761,332
2023-01-01D12:00:54.000744367,EURUSD,1199735,831
2023-01-01D12:00:55.000170785,USDJPY,114999237,599
2023-01-01D12:00:55.000203463,EURUSD,1200717,924
2023-01-01D12:00:55.000574254,GBPUSD,1350391,733
2023-01-01D12:00:56.000158270,EURUSD,1200404,138
2023-01-01D12:00:56.000691145,USDJPY,114999347,419
2023-01-01D12:00:56.000771370,GBPUSD,1349592,327
2023-01-01D12:00:57.000540157,USDJPY,115000885,72
2023-01-01D12:00:57.000816981,GBPUSD,1349729,228
2023-01-01D12:00:57.000982518,EURUSD,1199078,514
2023-01-01D12:00:58.000029557,GBPUSD,1350375,901
2023-01-01D12:00:58.000042692,USDJPY,115000527,532
2023-01-01D12:00:58.000628181,EURUSD,1199264,920
2023-01-01D12:00:59.000098494,USDJPY,115000477,734
2023-01-01D12:00:59.000126776,GBPUSD,1349666,348
2023-01-01D12:00:59.000512484,EURUSD,1199862,367
2023-01-01D12:01:00.000289933,EURUSD,1200144,61
2023-01-01D12:01:00.000577535,GBPUSD,1350100,252
2023-01-01D12:01:00.000739515,USDJPY,115000286,729
2023-01-01D12:01:01.000703256,USDJPY,114999264,781
2023-01-01D12:01:01.000774658,GBPUSD,1349146,396
2023-01-01D12:01:01.000794491,EURUSD,1200801,792
2023-01-01D12:01:02.000100787,GBPUSD,1349543,727
2023-01-01D12:01:02.000271378,EURUSD,1199203,141
2023-01-01D12:01:02.000758102,USDJPY,115000713,787
2023-01-01D12:01:03.000005317,EURUSD,1200468,725
2023-01-01D12:01:03.000120863,USDJPY,115000186,631
2023-01-01D12:01:03.000331844,GBPUSD,1349088,560
2023-01-01D12:01:04.000116862,USDJPY,115000877,550
2023-01-01D12:01:04.000460661,EURUSD,1200754,796
2023-01-01D12:01:04.000586822,GBPUSD,1350073,578
2023-01-01D12:01:05.000683495,EURUSD,1200746,125
2023-01-01D12:01:05.000864449,GBPUSD,1350484,184
2023-01-01D12:01:05.000962618,USDJPY,115000780,675
2023-01-01D12:01:06.000015591,USDJPY,114999390,168
2023-01-01D12:01:06.000088479,EURUSD,1199261,181
2023-01-01D12:01:06.000847309,GBPUSD,1350570,298
2023-01-01D12:01:07.000049968,EURUSD,1199438,582
2023-01-01D12:01:07.000491343,USDJPY,114999982,249
2023-01-01D12:01:07.000517185,GBPUSD,1349313,916
2023-01-01D12:01:08.000098760,USDJPY,115000174,215
2023-01-01D12:01:08.000157018,GBPUSD,1350045,110
2023-01-01D12:01:08.000920426,EURUSD,1199627,127
2023-01-01D12:01:09.000146436,USDJPY,115000149,488
2023-01-01D12:01:09.000235345,EURUSD,1199975,361
2023-01-01D12:01:09.000903114,GBPUSD,1349949,997
2023-01-01D12:01:10.000039771,GBPUSD,1350144,287
2023-01-01D12:01:10.000180167,USDJPY,114999391,707
2023-01-01D12:01:10.000667032,EURUSD,1199080,813
2023-01-01D12:01:11.000295142,EURUSD,1199061,613
2023-01-01D12:01:11.000436966,USDJPY,114999722,57
2023-01-01D12:01:11.000559721,GBPUSD,1349716,165
2023-01-01D12:01:12.000240506,EURUSD,1200475,220
2023-01-01D12:01:12.000731452,USDJPY,115000690,565
2023-01-01D12:01:12.000854235,GBPUSD,1350618,436
2023-01-01D12:01:13.000048247,USDJPY,114999071,788
2023-01-01D12:01:13.000447667,GBPUSD,1349683,326
2023-01-01D12:01:13.000980844,EURUSD,1200935,217
2023-01-01D12:01:14.000111420,GBPUSD,1349429,557
2023-01-01D12:01:14.000539583,USDJPY,114999323,883
2023-01-01D12:01:14.000623336,EURUSD,1199613,56
2023-01-01D12:01:15.000127058,EURUSD,1200392,660
2023-01-01D12:01:15.000326602,GBPUSD,1349221,142
2023-01-01D12:01:15.000808255,USDJPY,115000650,705
2023-01-01D12:01:16.000066317,EURUSD,1199185,571
2023-01-01D12:01:16.000105774,GBPUSD,1349187,668
2023-01-01D12:01:16.000232371,USDJPY,114999164,814
2023-01-01D12:01:17.000603835,USDJPY,114999375,953
2023-01-01D12:01:17.000659726,EURUSD,1199664,344
2023-01-01D12:01:17.000976401,GBPUSD,1350686,888
2023-01-01D12:01:18.000393594,GBPUSD,1350752,359
2023-01-01D12:01:18.000782262,USDJPY,114999774,54
2023-01-01D12:01:18.000994855,EURUSD,1200624,606
2023-01-01D12:01:19.000002240,GBPUSD,1350401,393
2023-01-01D12:01:19.000602601,USDJPY,115000851,356
2023-01-01D12:01:19.000705605,EURUSD,1200524,101
2023-01-01D12:01:20.000580948,GBPUSD,1350254,502
2023-01-01D12:01:20.000773878,EURUSD,1200259,379
2023-01-01D12:01:20.000964293,USDJPY,115000953,242
2023-01-01D12:01:21.000063284,GBPUSD,1350130,765
2023-01-01D12:01:21.000403834,EURUSD,1199036,479
2023-01-01D12:01:21.000776749,USDJPY,115000351,153
2023-01-01D12:01:22.000400558,EURUSD,1199315,83
2023-01-01D12:01:22.000600955,USDJPY,114999265,48
2023-01-01D12:01:22.000659437,GBPUSD,1349847,122
2023-01-01D12:01:23.000038145,USDJPY,114999507,825
2023-01-01D12:01:23.000275193,GBPUSD,1349751,725
2023-01-01D12:01:23.000909849,EURUSD,1200549,729
2023-01-01D12:01:24.000030343,USDJPY,115000381,824
2023-01-01D12:01:24.000946210,EURUSD,1199729,941
2023-01-01D12:01:24.000954673,GBPUSD,1349869,157
2023-01-01D12:01:25.000207686,GBPUSD,1349418,10
2023-01-01D12:01:25.000456645,USDJPY,115000994,322
2023-01-01D12:01:25.000488982,EURUSD,1200883,736
2023-01-01D12:01:26.000187885,EURUSD,1199635,605
2023-01-01D12:01:26.000338740,USDJPY,115000856,928
2023-01-01D12:01:26.000969110,GBPUSD,1350558,937
2023-01-01D12:01:27.000065901,EURUSD,1199181,29
2023-01-01D12:01:27.000761725,USDJPY,115000440,976
2023-01-01D12:01:27.000810243,GBPUSD,1349315,197
2023-01-01D12:01:28.000171550,USDJPY,115000699,706
2023-01-01D12:01:28.000372055,GBPUSD,1349149,420
2023-01-01D12:01:28.000899183,EURUSD,1200161,315
2023-01-01D12:01:29.000066316,USDJPY,114999158,162
2023-01-01D12:01:29.000396241,GBPUSD,1349359,35
2023-01-01D12:01:29.000450003,EURUSD,1200771,640
2023-01-01D12:01:30.000444406,EURUSD,1199621,822
2023-01-01D12:01:30.000684825,USDJPY,114999947,376
2023-01-01D12:01:30.000815109,GBPUSD,1349787,334
2023-01-01D12:01:31.000165538,EURUSD,1199804,941
2023-01-01D12:01:31.000433382,GBPUSD,1349990,828
2023-01-01D12:01:31.000942927,USDJPY,115000490,883
2023-01-01D12:01:32.000080078,USDJPY,115000886,434
2023-01-01D12:01:32.000089721,GBPUSD,1349307,205
2023-01-01D12:01:32.000631062,EURUSD,1199741,582
2023-01-01D12:01:33.000376016,USDJPY,115000713,421
2023-01-01D12:01:33.000601159,GBPUSD,1349507,85
2023-01-01D12:01:33.000666943,EURUSD,1199707,508
2023-01-01D12:01:34.000133751,EURUSD,1200070,778
2023-01-01D12:01:34.000650911,USDJPY,114999045,152
2023-01-01D12:01:34.000983903,GBPUSD,1350940,395
2023-01-01D12:01:35.000211312,GBPUSD,1350795,29
2023-01-01D12:01:35.000682601,USDJPY,115000206,442
2023-01-01D12:01:35.000731778,EURUSD,1200175,67
2023-01-01D12:01:36.000241913,GBPUSD,1349821,514
2023-01-01D12:01:36.000723345,EURUSD,1200260,440
2023-01-01D12:01:36.000913778,USDJPY,115000158,751
2023-01-01D12:01:37.000395051,GBPUSD,1350596,327
2023-01-01D12:01:37.000643665,USDJPY,114999608,322
2023-01-01D12:01:37.000676286,EURUSD,1200390,475
2023-01-01D12:01:38.000037430,USDJPY,114999988,605
2023-01-01D12:01:38.000741724,GBPUSD,1349135,248
2023-01-01D12:01:38.000980439,EURUSD,1199867,738
2023-01-01D12:01:39.000202500,EURUSD,1199347,154
2023-01-01D12:01:39.000541637,USDJPY,114999430,303
2023-01-01D12:01:39.000665367,GBPUSD,1349917,727
2023-01-01D12:01:40.000093650,GBPUSD,1350780,423
2023-01-01D12:01:40.000391831,USDJPY,114999287,98
2023-01-01D12:01:40.000753021,EURUSD,1199442,689
2023-01-01D12:01:41.000270377,GBPUSD,1349271,731
2023-01-01D12:01:41.000885230,USDJPY,114999989,986
2023-01-01D12:01:41.000992360,EURUSD,1200792,898
2023-01-01D12:01:42.000044485,USDJPY,115000871,838
2023-01-01D12:01:42.000379239,GBPUSD,1349930,654
2023-01-01D12:01:42.000809578,EURUSD,1199567,566
2023-01-01D12:01:43.000564670,EURUSD,1199111,46
2023-01-01D12:01:43.000783828,GBPUSD,1349702,773
2023-01-01D12:01:43.000857206,USDJPY,114999123,506
2023-01-01D12:01:44.000014335,GBPUSD,1349268,566
2023-01-01D12:01:44.000592860,USDJPY,115000302,912
2023-01-01D12:01:44.000621690,EURUSD,1200109,475
2023-01-01D12:01:45.000134109,GBPUSD,1349272,47
2023-01-01D12:01:45.000533368,EURUSD,1199938,796
2023-01-01D12:01:45.000545271,USDJPY,115000735,669
2023-01-01D12:01:46.000337987,GBPUSD,1349068,469
2023-01-01D12:01:46.000961484,USDJPY,115000125,451
2023-01-01D12:01:46.000978050,EURUSD,1199346,799
2023-01-01D12:01:47.000557844,EURUSD,1200009,334
2023-01-01D12:01:47.000938779,GBPUSD,1350504,734
2023-01-01D12:01:47.000949589,USDJPY,115000943,309
2023-01-01D12:01:48.000448627,GBPUSD,1350394,820
2023-01-01D12:01:48.000748785,USDJPY,114999569,795
2023-01-01D12:01:48.000998957,EURUSD,1200758,950
2023-01-01D12:01:49.000157498,USDJPY,115000321,882
2023-01-01D12:01:49.000391626,EURUSD,1200017,93
2023-01-01D12:01:49.000697555,GBPUSD,1349604,245
2023-01-01D12:01:50.000245782,EURUSD,1200934,476
2023-01-01D12:01:50.000520933,USDJPY,115000712,541
2023-01-01D12:01:50.000619803,GBPUSD,1349538,874
2023-01-01D12:01:51.000214625,EURUSD,1199763,189
2023-01-01D12:01:51.000659639,GBPUSD,1349809,897
2023-01-01D12:01:51.000972927,USDJPY,114999134,39
2023-01-01D12:01:52.000012494,USDJPY,115000324,904
2023-01-01D12:01:52.000235715,EURUSD,1199556,216
2023-01-01D12:01:52.000486564,GBPUSD,1349765,645
2023-01-01D12:01:53.000807335,EURUSD,1200306,717
2023-01-01D12:01:53.000898091,GBPUSD,1349606,250
2023-01-01D12:01:53.000984408,USDJPY,115000018,824
2023-01-01D12:01:54.000214828,EURUSD,1200150,263
2023-01-01D12:01:54.000494619,USDJPY,114999691,454
2023-01-01D12:01:54.000636052,GBPUSD,1350238,578
2023-01-01D12:01:55.000541581,GBPUSD,1349036,561
2023-01-01D12:01:55.000885814,EURUSD,1200524,22
2023-01-01D12:01:55.000927238,USDJPY,115000957,215
2023-01-01D12:01:56.000037220,GBPUSD,1351007,646
2023-01-01D12:01:56.000075755,USDJPY,114999127,364
2023-01-01D12:01:56.000380516,EURUSD,1199264,282
2023-01-01D12:01:57.000150713,GBPUSD,1350453,310
2023-01-01D12:01:57.000515573,EURUSD,1199552,298
2023-01-01D12:01:57.000726250,USDJPY,115000992,284
2023-01-01D12:01:58.000098867,EURUSD,1200571,626
2023-01-01D12:01:58.000485645,USDJPY,114999156,148
2023-01-01D12:01:58.000658167,GBPUSD,1349609,337
2023-01-01D12:01:59.000089533,USDJPY,114999103,633
2023-01-01D12:01:59.000108813,EURUSD,1200905,462
2023-01-01D12:01:59.000504038,GBPUSD,1350689,407
2023-01-01D12:02:00.000668370,EURUSD,1199737,608
2023-01-01D12:02:00.000794246,GBPUSD,1350841,916
2023-01-01D12:02:00.000861406,USDJPY,114999818,592
2023-01-01D12:02:01.000310462,USDJPY,115000330,805
2023-01-01D12:02:01.000366521,GBPUSD,1349929,206
2023-01-01D12:02:01.000864755,EURUSD,1199155,971
2023-01-01D12:02:02.000175357,EURUSD,1199638,348
2023-01-01D12:02:02.000182230,GBPUSD,1349324,579
2023-01-01D12:02:02.000708738,USDJPY,114999243,801
2023-01-01D12:02:03.000028749,USDJPY,115000698,900
2023-01-01D12:02:03.000149989,EURUSD,1200440,70
2023-01-01D12:02:03.000714919,GBPUSD,1349141,960
2023-01-01D12:02:04.000168291,USDJPY,114999478,36
2023-01-01D12:02:04.000417789,GBPUSD,1350367,556
2023-01-01D12:02:04.000659190,EURUSD,1200292,626
2023-01-01D12:02:05.000298470,EURUSD,1200600,702
2023-01-01D12:02:05.000499085,USDJPY,114999140,993
2023-01-01D12:02:05.000520769,GBPUSD,1349817,546
2023-01-01D12:02:06.000210353,EURUSD,1200378,554
2023-01-01D12:02:06.000478738,GBPUSD,1349710,602
2023-01-01D12:02:06.000748795,USDJPY,115000811,127
2023-01-01D12:02:07.000316830,EURUSD,1199908,633
2023-01-01D12:02:07.000435347,GBPUSD,1349963,738
2023-01-01D12:02:07.000467455,USDJPY,114999064,936
2023-01-01D12:02:08.000105054,GBPUSD,1350623,347
2023-01-01D12:02:08.000572080,EURUSD,1200382,717
2023-01-01D12:02:08.000692467,USDJPY,115000248,415
2023-01-01D12:02:09.000524944,GBPUSD,1350130,121
2023-01-01D12:02:09.000784402,USDJPY,114999298,798
2023-01-01D12:02:09.000933287,EURUSD,1199909,310
2023-01-01D12:02:10.000302204,GBPUSD,1349286,278
2023-01-01D12:02:10.000503893,EURUSD,1200137,36
2023-01-01D12:02:10.000626910,USDJPY,114999341,279
2023-01-01D12:02:11.000339660,GBPUSD,1349330,164
2023-01-01D12:02:11.000580258,USDJPY,115000263,1000
2023-01-01D12:02:11.000872524,EURUSD,1200781,427
2023-01-01D12:02:12.000210593,EURUSD,1199564,905
2023-01-01D12:02:12.000466974,USDJPY,115000048,998
2023-01-01D12:02:12.000520751,GBPUSD,1350685,642
2023-01-01D12:02:13.000306455,GBPUSD,1349579,321
2023-01-01D12:02:13.000546120,USDJPY,114999449,257
2023-01-01D12:02:13.000666278,EURUSD,1200909,859
2023-01-01D12:02:14.000157699,GBPUSD,1349680,401
2023-01-01D12:02:14.000480183,USDJPY,115000269,462
2023-01-01D12:02:14.000640175,EURUSD,1200675,628
2023-01-01D12:02:15.000039342,USDJPY,114999519,991
2023-01-01D12:02:15.000604736,GBPUSD,1349271,670
2023-01-01D12:02:15.000718408,EURUSD,1200540,856
2023-01-01D12:02:16.000022163,GBPUSD,1349902,636
2023-01-01D12:02:16.000526291,USDJPY,115000520,501
2023-01-01D12:02:16.000855518,EURUSD,1200169,196
2023-01-01D12:02:17.000417486,GBPUSD,1350348,376
2023-01-01D12:02:17.000906133,USDJPY,114999333,64
2023-01-01D12:02:17.000921770,EURUSD,1199650,952
2023-01-01D12:02:18.000330754,EURUSD,1199962,936
2023-01-01D12:02:18.000847957,GBPUSD,1349581,213
2023-01-01D12:02:18.000940298,USDJPY,115000807,650
2023-01-01D12:02:19.000179337,USDJPY,114999693,349
2023-01-01D12:02:19.000957337,GBPUSD,1349314,161
2023-01-01D12:02:19.000998688,EURUSD,1200319,123
2023-01-01D12:02:20.000109691,EURUSD,1199895,867
2023-01-01D12:02:20.000248650,GBPUSD,1349082,456
2023-01-01D12:02:20.000423277,USDJPY,115000751,336
2023-01-01D12:02:21.000329779,EURUSD,1200212,130
2023-01-01D12:02:21.000584947,GBPUSD,1349804,281
2023-01-01D12:02:21.000731346,USDJPY,114999786,785
2023-01-01D12:02:22.000091801,USDJPY,114999954,832
2023-01-01D12:02:22.000438036,EURUSD,1199920,997
2023-01-01D12:02:22.000997063,GBPUSD,1349853,345
2023-01-01D12:02:23.000051235,USDJPY,115000596,735
2023-01-01D12:02:23.000458237,GBPUSD,1349768,895
2023-01-01D12:02:23.000867111,EURUSD,1200503,213
2023-01-01D12:02:24.000114801,GBPUSD,1350474,58
2023-01-01D12:02:24.000742798,USDJPY,115000095,589
2023-01-01D12:02:24.000917173,EURUSD,1199215,512
2023-01-01D12:02:25.000958560,USDJPY,114999616,868
2023-01-01D12:02:25.000978433,EURUSD,1200826,174
2023-01-01D12:02:25.000999156,GBPUSD,1350365,286
2023-01-01D12:02:26.000317503,USDJPY,114999831,403
2023-01-01D12:02:26.000475029,GBPUSD,1349418,621
2023-01-01D12:02:26.000876899,EURUSD,1200884,64
2023-01-01D12:02:27.000375608,EURUSD,1199520,887
2023-01-01D12:02:27.000628359,GBPUSD,1349050,66
2023-01-01D12:02:27.000814646,USDJPY,115000956,295
2023-01-01D12:02:28.000465901,USDJPY,114999426,181
2023-01-01D12:02:28.000869648,EURUSD,1199278,652
2023-01-01D12:02:28.000995452,GBPUSD,1349955,605
2023-01-01D12:02:29.000087016,EURUSD,1199791,577
2023-01-01D12:02:29.000191189,USDJPY,114999781,968
2023-01-01D12:02:29.000687899,GBPUSD,1349298,334
2023-01-01D12:02:30.000001168,EURUSD,1200505,663
2023-01-01D12:02:30.000415694,GBPUSD,1349582,335
2023-01-01D12:02:30.000898951,USDJPY,114999284,683
2023-01-01D12:02:31.000059149,USDJPY,114999160,937
2023-01-01D12:02:31.000659444,GBPUSD,1349628,268
2023-01-01D12:02:31.000920857,EURUSD,1199671,600
2023-01-01D12:02:32.000002672,EURUSD,1200155,913
2023-01-01D12:02:32.000038094,GBPUSD,1349944,483
2023-01-01D12:02:32.000967129,USDJPY,115000354,79
2023-01-01D12:02:33.000237349,EURUSD,1199287,443
2023-01-01D12:02:33.000371023,GBPUSD,1349535,826
2023-01-01D12:02:33.000393181,USDJPY,114999036,635
2023-01-01D12:02:34.000046712,EURUSD,1200491,61
2023-01-01D12:02:34.000165823,GBPUSD,1350427,186
2023-01-01D12:02:34.000766236,USDJPY,115000276,675
2023-01-01D12:02:35.000176513,USDJPY,115000160,552
2023-01-01D12:02:35.000307616,GBPUSD,1350962,930
2023-01-01D12:02:35.000850638,EURUSD,1199235,264
2023-01-01D12:02:36.000030173,EURUSD,1200924,975
2023-01-01D12:02:36.000402082,USDJPY,115000018,350
2023-01-01D12:02:36.000829254,GBPUSD,1350861,760
2023-01-01D12:02:37.000191825,USDJPY,115000497,158
2023-01-01D12:02:37.000306104,GBPUSD,1349470,633
2023-01-01D12:02:37.000709851,EURUSD,1199369,530
2023-01-01D12:02:38.000050098,EURUSD,1200658,598
2023-01-01D12:02:38.000357371,GBPUSD,1350318,312
2023-01-01D12:02:38.000555224,USDJPY,114999167,283
2023-01-01D12:02:39.000093968,USDJPY,115000490,98
2023-01-01D12:02:39.000347868,EURUSD,1199904,932
2023-01-01D12:02:39.000445566,GBPUSD,1349875,335
2023-01-01D12:02:40.000054386,USDJPY,114999778,584
2023-01-01D12:02:40.000865499,EURUSD,1199677,290
2023-01-01D12:02:40.000985034,GBPUSD,1349852,868
2023-01-01D12:02:41.000513164,USDJPY,115000208,163
2023-01-01D12:02:41.000635573,EURUSD,1200989,943
2023-01-01D12:02:41.000867109,GBPUSD,1349180,557
2023-01-01D12:02:42.000225733,GBPUSD,1349311,406
2023-01-01D12:02:42.000471926,EURUSD,1200515,912
2023-01-01D12:02:42.000786748,USDJPY,115000664,112
2023-01-01D12:02:43.000252591,GBPUSD,1351004,161
2023-01-01D12:02:43.000397506,USDJPY,114999477,410
2023-01-01D12:02:43.000910533,EURUSD,1199965,472
2023-01-01D12:02:44.000305406,USDJPY,115000529,215
2023-01-01D12:02:44.000371074,EURUSD,1200097,462
2023-01-01D12:02:44.000710611,GBPUSD,1350195,488
2023-01-01D12:02:45.000350273,EURUSD,1199141,825
2023-01-01D12:02:45.000380675,GBPUSD,1349809,144
2023-01-01D12:02:45.000729225,USDJPY,114999313,647
2023-01-01D12:02:46.000057761,GBPUSD,1349571,542
2023-01-01D12:02:46.000174710,EURUSD,1199915,916
2023-01-01D12:02:46.000615127,USDJPY,115000063,348
2023-01-01D12:02:47.000341464,GBPUSD,1350444,778
2023-01-01D12:02:47.000498149,USDJPY,115000684,167
2023-01-01D12:02:47.000603371,EURUSD,1199512,796
2023-01-01D12:02:48.000026523,USDJPY,115000099,209
2023-01-01D12:02:48.000511010,GBPUSD,1350954,889
2023-01-01D12:02:48.000826663,EURUSD,1199223,977
2023-01-01D12:02:49.000139667,EURUSD,1199421,483
2023-01-01D12:02:49.000410292,GBPUSD,1350212,620
2023-01-01D12:02:49.000690590,USDJPY,114999671,548
2023-01-01D12:02:50.000151104,USDJPY,114999770,566
2023-01-01D12:02:50.000693515,EURUSD,1200181,545
2023-01-01D12:02:50.000867487,GBPUSD,1349317,650
2023-01-01D12:02:51.000004065,GBPUSD,1350124,177
2023-01-01D12:02:51.000129284,USDJPY,114999964,706
2023-01-01D12:02:51.000522548,EURUSD,1200808,891
2023-01-01D12:02:52.000070128,EURUSD,1200964,940
2023-01-01D12:02:52.000158852,USDJPY,114999228,576
2023-01-01D12:02:52.000540532,GBPUSD,1350048,933
2023-01-01D12:02:53.000344267,EURUSD,1201012,347
2023-01-01D12:02:53.000376542,USDJPY,115000717,266
2023-01-01D12:02:53.000757665,GBPUSD,1349410,406
2023-01-01D12:02:54.000234204,GBPUSD,1349694,84
2023-01-01D12:02:54.000438926,USDJPY,115000252,375
2023-01-01D12:02:54.000748686,EURUSD,1199746,75
2023-01-01D12:02:55.000267552,GBPUSD,1349667,544
2023-01-01D12:02:55.000611417,USDJPY,114999509,781
2023-01-01D12:02:55.000867298,EURUSD,1200532,118
2023-01-01D12:02:56.000099617,GBPUSD,1349727,168
2023-01-01D12:02:56.000257562,USDJPY,115000596,127
2023-01-01D12:02:56.000425728,EURUSD,1200283,598
2023-01-01D12:02:57.000609917,GBPUSD,1350785,170
2023-01-01D12:02:57.000825483,USDJPY,114999396,358
2023-01-01D12:02:57.000939877,EURUSD,1199725,444
2023-01-01D12:02:58.000113489,EURUSD,1199050,105
2023-01-01D12:02:58.000784143,GBPUSD,1350161,103
2023-01-01D12:02:58.000944629,USDJPY,115000154,544
2023-01-01D12:02:59.000338856,USDJPY,114999672,871
2023-01-01D12:02:59.000758045,EURUSD,1200069,633
2023-01-01D12:02:59.000990602,GBPUSD,1349798,867
2023-01-01D12:03:00.000095867,EURUSD,1200399,861
2023-01-01D12:03:00.000549823,USDJPY,115000939,984
2023-01-01D12:03:00.000955384,GBPUSD,1349352,464
2023-01-01D12:03:01.000117464,EURUSD,1199273,432
2023-01-01D12:03:01.000124040,GBPUSD,1349658,545
2023-01-01D12:03:01.000484751,USDJPY,115000437,768
2023-01-01D12:03:02.000125513,GBPUSD,1350824,842
2023-01-01D12:03:02.000512613,EURUSD,1200535,839
2023-01-01D12:03:02.000707990,USDJPY,115000403,12
2023-01-01D12:03:03.000486062,USDJPY,115000733,104
2023-01-01D12:03:03.000514661,EURUSD,1200892,946
2023-01-01D12:03:03.000810349,GBPUSD,1349158,525
2023-01-01D12:03:04.000309983,USDJPY,114999186,673
2023-01-01D12:03:04.000327241,EURUSD,1200123,993
2023-01-01D12:03:04.000844888,GBPUSD,1350344,370
2023-01-01D12:03:05.000009831,USDJPY,115000741,946
2023-01-01D12:03:05.000025527,EURUSD,1199975,275
2023-01-01D12:03:05.000794427,GBPUSD,1349879,647
2023-01-01D12:03:06.000328028,GBPUSD,1349501,850
2023-01-01D12:03:06.000363439,EURUSD,1199693,517
2023-01-01D12:03:06.000456677,USDJPY,115000415,702
2023-01-01D12:03:07.000455380,USDJPY,115000204,14
2023-01-01D12:03:07.000799954,EURUSD,1199520,743
2023-01-01D12:03:07.000952553,GBPUSD,1349676,306
2023-01-01D12:03:08.000261420,EURUSD,1200566,537
2023-01-01D12:03:08.000758749,USDJPY,114999222,159
2023-01-01D12:03:08.000827281,GBPUSD,1350290,109
2023-01-01D12:03:09.000237416,USDJPY,114999206,242
2023-01-01D12:03:09.000649675,EURUSD,1201009,921
2023-01-01D12:03:09.000900738,GBPUSD,1350980,555
2023-01-01D12:03:10.000293720,USDJPY,115000873,381
2023-01-01D12:03:10.000417935,GBPUSD,1350231,780
2023-01-01D12:03:10.000925684,EURUSD,1199057,684
2023-01-01D12:03:11.000536655,USDJPY,114999529,490
2023-01-01D12:03:11.000624797,EURUSD,1199431,874
2023-01-01D12:03:11.000702530,GBPUSD,1349395,788
2023-01-01D12:03:12.000249750,EURUSD,1199884,152
2023-01-01D12:03:12.000499790,GBPUSD,1350210,769
2023-01-01D12:03:12.000639107,USDJPY,115000290,407
2023-01-01D12:03:13.000012721,EURUSD,1200452,26
2023-01-01D12:03:13.000158136,USDJPY,114999634,879
2023-01-01D12:03:13.000998864,GBPUSD,1350358,506
2023-01-01D12:03:14.000038006,EURUSD,1199748,370
2023-01-01D12:03:14.000151338,USDJPY,114999863,144
2023-01-01D12:03:14.000974266,GBPUSD,1350538,453
2023-01-01D12:03:15.000621588,EURUSD,1199284,748
2023-01-01D12:03:15.000854564,USDJPY,114999252,455
2023-01-01D12:03:15.000923087,GBPUSD,1350441,907
2023-01-01D12:03:16.000063449,USDJPY,115000042,925
2023-01-01D12:03:16.000287547,EURUSD,1199556,103
2023-01-01D12:03:16.000910525,GBPUSD,1350467,10
2023-01-01D12:03:17.000018905,USDJPY,114999240,397
2023-01-01D12:03:17.000291989,EURUSD,1199742,218
2023-01-01D12:03:17.000625574,GBPUSD,1349378,985
2023-01-01D12:03:18.000010409,GBPUSD,1349384,561
2023-01-01D12:03:18.000257293,EURUSD,1199338,335
2023-01-01D12:03:18.000394300,USDJPY,114999406,898
2023-01-01D12:03:19.000070573,GBPUSD,1350949,982
2023-01-01D12:03:19.000410804,USDJPY,115000869,176
2023-01-01D12:03:19.000491455,EURUSD,1199663,1000
2023-01-01D12:03:20.000183811,EURUSD,1200103,480
2023-01-01D12:03:20.000978428,GBPUSD,1349788,984
2023-01-01D12:03:20.000981117,USDJPY,115000446,280
2023-01-01D12:03:21.000399327,GBPUSD,1350889,460
2023-01-01D12:03:21.000452004,EURUSD,1199293,141
2023-01-01D12:03:21.000873236,USDJPY,115000476,80
2023-01-01D12:03:22.000105797,GBPUSD,1350680,538
2023-01-01D12:03:22.000938258,EURUSD,1199284,860
2023-01-01D12:03:22.000992591,USDJPY,114999486,889
2023-01-01D12:03:23.000145638,GBPUSD,1349111,757
2023-01-01D12:03:23.000333479,EURUSD,1200023,188
2023-01-01D12:03:23.000338929,USDJPY,114999706,969
2023-01-01D12:03:24.000397396,USDJPY,115000116,972
2023-01-01D12:03:24.000418161,EURUSD,1200130,674
2023-01-01D12:03:24.000850825,GBPUSD,1350214,119
2023-01-01D12:03:25.000104090,USDJPY,115000063,397
2023-01-01D12:03:25.000844065,EURUSD,1199367,356
2023-01-01D12:03:25.000855209,GBPUSD,1349865,668
2023-01-01D12:03:26.000111666,EURUSD,1199803,693
2023-01-01D12:03:26.000150321,GBPUSD,1349745,785
2023-01-01D12:03:26.000965100,USDJPY,115000429,111
2023-01-01D12:03:27.000392936,USDJPY,114999190,156
2023-01-01D12:03:27.000452927,GBPUSD,1350764,167
2023-01-01D12:03:27.000575845,EURUSD,1199341,891
2023-01-01D12:03:28.000150794,EURUSD,1200865,844
2023-01-01D12:03:28.000329595,GBPUSD,1349805,127
2023-01-01D12:03:28.000739457,USDJPY,115000459,319
2023-01-01D12:03:29.000177048,USDJPY,114999520,985
2023-01-01D12:03:29.000782515,EURUSD,1200816,758
2023-01-01D12:03:29.000862438,GBPUSD,1349913,413
2023-01-01D12:03:30.000240731,GBPUSD,1350415,337
2023-01-01D12:03:30.000372691,EURUSD,1200235,593
2023-01-01D12:03:30.000694647,USDJPY,115000487,148
2023-01-01D12:03:31.000072890,EURUSD,1199670,11
2023-01-01D12:03:31.000287197,USDJPY,114999441,826
2023-01-01D12:03:31.000762381,GBPUSD,1350986,756
2023-01-01D12:03:32.000358855,USDJPY,114999332,758
2023-01-01D12:03:32.000362220,EURUSD,1200441,409
2023-01-01D12:03:32.000372665,GBPUSD,1349966,674
2023-01-01D12:03:33.000152813,USDJPY,115000990,206
2023-01-01D12:03:33.000698490,EURUSD,1199351,965
2023-01-01D12:03:33.000933325,GBPUSD,1350847,974
2023-01-01D12:03:34.000083722,GBPUSD,1349936,252
2023-01-01D12:03:34.000121595,USDJPY,114999975,622
2023-01-01D12:03:34.000545380,EURUSD,1199316,701
2023-01-01D12:03:35.000191024,GBPUSD,1349634,208
2023-01-01D12:03:35.000533879,EURUSD,1199396,768
2023-01-01D12:03:35.000852311,USDJPY,114999874,882
2023-01-01D12:03:36.000114483,EURUSD,1199325,207
2023-01-01D12:03:36.000123649,USDJPY,115000940,587
2023-01-01D12:03:36.000478232,GBPUSD,1349945,37
2023-01-01D12:03:37.000195676,EURUSD,1200829,856
2023-01-01D12:03:37.000400709,USDJPY,115000479,625
2023-01-01D12:03:37.000633945,GBPUSD,1350232,595
2023-01-01D12:03:38.000392809,USDJPY,115000548,512
2023-01-01D12:03:38.000458635,GBPUSD,1349601,67
2023-01-01D12:03:38.000546749,EURUSD,1200370,730
2023-01-01D12:03:39.000455323,EURUSD,1199923,383
2023-01-01D12:03:39.000576623,GBPUSD,1349052,43
2023-01-01D12:03:39.000908264,USDJPY,115001001,107
2023-01-01D12:03:40.000115731,GBPUSD,1349156,632
2023-01-01D12:03:40.000117261,EURUSD,1199193,557
2023-01-01D12:03:40.000839313,USDJPY,115000807,235
2023-01-01D12:03:41.000476159,GBPUSD,1350302,310
2023-01-01D12:03:41.000817962,EURUSD,1200797,169
2023-01-01D12:03:41.000952376,USDJPY,115000165,124
2023-01-01D12:03:42.000346471,USDJPY,115000096,704
2023-01-01D12:03:42.000763119,EURUSD,1200138,167
2023-01-01D12:03:42.000873593,GBPUSD,1349143,931
2023-01-01D12:03:43.000041181,USDJPY,114999211,734
2023-01-01D12:03:43.000682088,GBPUSD,1349959,304
2023-01-01D12:03:43.000775168,EURUSD,1200192,499
2023-01-01D12:03:44.000143125,USDJPY,114999127,402
2023-01-01D12:03:44.000384953,EURUSD,1200161,693
2023-01-01D12:03:44.000424012,GBPUSD,1350582,318
2023-01-01D12:03:45.000606889,EURUSD,1199723,491
2023-01-01D12:03:45.000655958,GBPUSD,1350433,705
2023-01-01D12:03:45.000737512,USDJPY,114999187,330
2023-01-01D12:03:46.000252873,EURUSD,1199144,40
2023-01-01D12:03:46.000831054,USDJPY,114999507,961
2023-01-01D12:03:46.000863398,GBPUSD,1350042,346
2023-01-01D12:03:47.000112666,USDJPY,115000028,697
2023-01-01D12:03:47.000643561,EURUSD,1199700,133
2023-01-01D12:03:47.000963260,GBPUSD,1349852,926
2023-01-01D12:03:48.000129006,GBPUSD,1349184,159
2023-01-01D12:03:48.000235153,USDJPY,114999085,94
2023-01-01D12:03:48.000715893,EURUSD,1199283,498
2023-01-01D12:03:49.000463162,GBPUSD,1349819,932
2023-01-01D12:03:49.000780566,EURUSD,1200350,237
2023-01-01D12:03:49.000878041,USDJPY,115000970,941
2023-01-01D12:03:50.000050491,EURUSD,1199731,225
2023-01-01D12:03:50.000263973,USDJPY,114999781,576
2023-01-01D12:03:50.000266031,GBPUSD,1350355,508
2023-01-01D12:03:51.000490313,EURUSD,1199663,182
2023-01-01D12:03:51.000818544,GBPUSD,1350386,175
2023-01-01D12:03:51.000898801,USDJPY,114999184,331
2023-01-01D12:03:52.000323603,EURUSD,1199836,257
2023-01-01D12:03:52.000459193,USDJPY,114999411,137
2023-01-01D12:03:52.000847027,GBPUSD,1349429,186
2023-01-01D12:03:53.000033693,USDJPY,114999488,595
2023-01-01D12:03:53.000191374,EURUSD,1199979,780
2023-01-01D12:03:53.000773349,GBPUSD,1349324,607
2023-01-01D12:03:54.000304137,GBPUSD,1349927,245
2023-01-01D12:03:54.000587903,EURUSD,1199358,800
2023-01-01D12:03:54.000796634,USDJPY,115000972,779
2023-01-01D12:03:55.000556670,GBPUSD,1349946,59
2023-01-01D12:03:55.000665238,USDJPY,115000164,208
2023-01-01D12:03:55.000836461,EURUSD,1199583,279
2023-01-01D12:03:56.000182927,GBPUSD,1350052,295
2023-01-01D12:03:56.000284543,EURUSD,1199954,41
2023-01-01D12:03:56.000611813,USDJPY,114999463,521
2023-01-01D12:03:57.000051889,USDJPY,115000094,518
2023-01-01D12:03:57.000285079,EURUSD,1200973,394
2023-01-01D12:03:57.000770861,GBPUSD,1350289,72
2023-01-01D12:03:58.000292513,USDJPY,115001022,313
2023-01-01D12:03:58.000717302,EURUSD,1200107,783
2023-01-01D12:03:58.000980854,GBPUSD,1350160,657
2023-01-01D12:03:59.000039843,EURUSD,1199137,407
2023-01-01D12:03:59.000486617,GBPUSD,1349936,479
2023-01-01D12:03:59.000867926,USDJPY,115000769,592
2023-01-01D12:04:00.000275415,EURUSD,1199584,534
2023-01-01D12:04:00.000296599,USDJPY,115001011,862
2023-01-01D12:04:00.000771598,GBPUSD,1349446,634
2023-01-01D12:04:01.000229077,GBPUSD,1350322,352
2023-01-01D12:04:01.000502609,EURUSD,1200615,661
2023-01-01D12:04:01.000943528,USDJPY,115000283,609
2023-01-01D12:04:02.000425163,USDJPY,115000939,29
2023-01-01D12:04:02.000552728,EURUSD,1200887,543
2023-01-01D12:04:02.000737089,GBPUSD,1349756,838
2023-01-01D12:04:03.000084673,GBPUSD,1349672,851
2023-01-01D12:04:03.000111092,USDJPY,114999409,79
2023-01-01D12:04:03.000756516,EURUSD,1199076,802
2023-01-01D12:04:04.000618748,GBPUSD,1350023,409
2023-01-01D12:04:04.000903657,USDJPY,115000848,228
2023-01-01D12:04:04.000933413,EURUSD,1200926,692
2023-01-01D12:04:05.000321548,USDJPY,114999842,61
2023-01-01D12:04:05.000390877,GBPUSD,1350914,93
2023-01-01D12:04:05.000684866,EURUSD,1200467,155
2023-01-01D12:04:06.000124370,EURUSD,1200650,865
2023-01-01D12:04:06.000270752,USDJPY,114999616,385
2023-01-01D12:04:06.000390304,GBPUSD,1349118,24
2023-01-01D12:04:07.000046235,USDJPY,114999864,826
2023-01-01D12:04:07.000819046,EURUSD,1200663,183
2023-01-01D12:04:07.000825868,GBPUSD,1350485,756
2023-01-01D12:04:08.000382323,USDJPY,114999769,138
2023-01-01D12:04:08.000382485,EURUSD,1200997,966
2023-01-01D12:04:08.000686161,GBPUSD,1350555,468
2023-01-01D12:04:09.000012386,GBPUSD,1350581,113
2023-01-01D12:04:09.000247086,EURUSD,1200865,783
2023-01-01D12:04:09.000606028,USDJPY,115000868,378
2023-01-01D12:04:10.000097550,USDJPY,115000683,799
2023-01-01D12:04:10.000722245,EURUSD,1199511,103
2023-01-01D12:04:10.000873945,GBPUSD,1349738,703
2023-01-01D12:04:11.000394835,GBPUSD,1350597,399
2023-01-01D12:04:11.000647050,USDJPY,114999086,940
2023-01-01D12:04:11.000787527,EURUSD,1200406,927
2023-01-01D12:04:12.000284665,EURUSD,1200062,662
2023-01-01D12:04:12.000636706,GBPUSD,1349517,492
2023-01-01D12:04:12.000807673,USDJPY,115000920,401
2023-01-01D12:04:13.000514086,GBPUSD,1350942,572
2023-01-01D12:04:13.000770287,EURUSD,1199254,486
2023-01-01D12:04:13.000857107,USDJPY,115000477,378
2023-01-01D12:04:14.000525472,GBPUSD,1350844,999
2023-01-01D12:04:14.000602368,EURUSD,1200892,28
2023-01-01D12:04:14.000638762,USDJPY,114999490,150
2023-01-01D12:04:15.000276520,GBPUSD,1349077,205
2023-01-01D12:04:15.000364549,USDJPY,115001050,393
2023-01-01D12:04:15.000931889,EURUSD,1200493,160
2023-01-01D12:04:16.000187696,EURUSD,1199275,657
2023-01-01D12:04:16.000325345,USDJPY,114999843,488
2023-01-01D12:04:16.000955996,GBPUSD,1350626,861
2023-01-01D12:04:17.000285316,GBPUSD,1349255,531
2023-01-01D12:04:17.000428075,USDJPY,115000378,510
2023-01-01D12:04:17.000982408,EURUSD,1200404,950
2023-01-01D12:04:18.000121708,GBPUSD,1349316,262
2023-01-01D12:04:18.000505880,USDJPY,115000395,133
2023-01-01D12:04:18.000696069,EURUSD,1200328,283
2023-01-01D12:04:19.000202994,EURUSD,1200299,114
2023-01-01D12:04:19.000439890,GBPUSD,1350293,273
2023-01-01D12:04:19.000920814,USDJPY,114999212,649
2023-01-01D12:04:20.000006092,GBPUSD,1350494,966
2023-01-01D12:04:20.000595091,USDJPY,115000074,642
2023-01-01D12:04:20.000643870,EURUSD,1200589,234
2023-01-01D12:04:21.000324918,GBPUSD,1350711,51
2023-01-01D12:04:21.000940069,USDJPY,115000030,230
2023-01-01D12:04:21.000969803,EURUSD,1200114,277
2023-01-01D12:04:22.000431008,GBPUSD,1349903,574
2023-01-01D12:04:22.000440893,EURUSD,1200752,360
2023-01-01D12:04:22.000542355,USDJPY,115000958,304
2023-01-01D12:04:23.000413823,USDJPY,114999411,803
2023-01-01D12:04:23.000715255,EURUSD,1200968,962
2023-01-01D12:04:23.000813260,GBPUSD,1349215,93
2023-01-01D12:04:24.000196638,GBPUSD,1349567,69
2023-01-01D12:04:24.000756879,USDJPY,115000350,576
2023-01-01D12:04:24.000973961,EURUSD,1199720,411
2023-01-01D12:04:25.000479362,GBPUSD,1350062,534
2023-01-01D12:04:25.000481050,EURUSD,1200309,95
2023-01-01D12:04:25.000829414,USDJPY,115000141,798
2023-01-01D12:04:26.000380683,GBPUSD,1350479,532
2023-01-01D12:04:26.000434516,EURUSD,1199434,48
2023-01-01D12:04:26.000764662,USDJPY,115000979,785
2023-01-01D12:04:27.000491412,GBPUSD,1349570,17
2023-01-01D12:04:27.000644850,EURUSD,1199639,484
2023-01-01D12:04:27.000755963,USDJPY,114999151,938
2023-01-01D12:04:28.000125225,GBPUSD,1350282,684
2023-01-01D12:04:28.000181187,USDJPY,115000123,50
2023-01-01D12:04:28.000202933,EURUSD,1199062,983
2023-01-01D12:04:29.000299646,GBPUSD,1349403,972
2023-01-01D12:04:29.000358562,EURUSD,1199723,509
2023-01-01D12:04:29.000575649,USDJPY,114999946,804
2023-01-01D12:04:30.000345015,GBPUSD,1349683,103
2023-01-01D12:04:30.000387337,EURUSD,1200328,139
2023-01-01D12:04:30.000856689,USDJPY,114999732,96
2023-01-01D12:04:31.000371822,EURUSD,1200212,963
2023-01-01D12:04:31.000519164,GBPUSD,1350668,200
2023-01-01D12:04:31.000713000,USDJPY,114999610,589
2023-01-01D12:04:32.000285492,USDJPY,115000782,591
2023-01-01D12:04:32.000642839,GBPUSD,1350531,806
2023-01-01D12:04:32.000696151,EURUSD,1200776,841
2023-01-01D12:04:33.000189765,USDJPY,114999898,966
2023-01-01D12:04:33.000353293,GBPUSD,1350233,218
2023-01-01D12:04:33.000679071,EURUSD,1200405,83
2023-01-01D12:04:34.000020241,GBPUSD,1349187,470
2023-01-01D12:04:34.000335672,USDJPY,115000083,433
2023-01-01D12:04:34.000631685,EURUSD,1199674,634
2023-01-01D12:04:35.000084820,EURUSD,1199207,279
2023-01-01D12:04:35.000198788,GBPUSD,1349970,191
2023-01-01D12:04:35.000226643,USDJPY,115000657,862
2023-01-01D12:04:36.000570430,GBPUSD,1350428,891
2023-01-01D12:04:36.000636228,EURUSD,1200653,89
2023-01-01D12:04:36.000798931,USDJPY,114999638,904
2023-01-01D12:04:37.000287944,EURUSD,1200203,172
2023-01-01D12:04:37.000389414,USDJPY,114999728,791
2023-01-01D12:04:37.000943660,GBPUSD,1349958,968
2023-01-01D12:04:38.000092445,GBPUSD,1350129,482
2023-01-01D12:04:38.000338131,USDJPY,115000448,322
2023-01-01D12:04:38.000966896,EURUSD,1200730,35
2023-01-01D12:04:39.000060713,EURUSD,1199578,886
2023-01-01D12:04:39.000159717,USDJPY,115000352,349
2023-01-01D12:04:39.000863295,GBPUSD,1350153,66
2023-01-01D12:04:40.000543874,EURUSD,1199116,934
2023-01-01D12:04:40.000648193,USDJPY,115000788,360
2023-01-01D12:04:40.000696685,GBPUSD,1349368,444
2023-01-01D12:04:41.000328002,EURUSD,1199973,666
2023-01-01D12:04:41.000586291,USDJPY,115000062,765
2023-01-01D12:04:41.000699878,GBPUSD,1350979,355
2023-01-01D12:04:42.000067367,GBPUSD,1350886,333
2023-01-01D12:04:42.000683008,EURUSD,1200311,123
2023-01-01D12:04:42.000863430,USDJPY,115000945,711
2023-01-01D12:04:43.000052182,USDJPY,115000060,972
2023-01-01D12:04:43.000341803,GBPUSD,1349419,121
2023-01-01D12:04:43.000962380,EURUSD,1200213,231
2023-01-01D12:04:44.000152396,USDJPY,115000439,190
2023-01-01D12:04:44.000309313,EURUSD,1199863,183
2023-01-01D12:04:44.000926669,GBPUSD,1350350,282
2023-01-01D12:04:45.000117766,GBPUSD,1350893,383
2023-01-01D12:04:45.000458029,EURUSD,1200494,50
2023-01-01D12:04:45.000717842,USDJPY,114999947,439
2023-01-01D12:04:46.000699215,GBPUSD,1350750,85
2023-01-01D12:04:46.000708580,USDJPY,114999805,39
2023-01-01D12:04:46.000829419,EURUSD,1200348,215
2023-01-01D12:04:47.000596073,EURUSD,1199428,714
2023-01-01D12:04:47.000617535,USDJPY,114999776,256
2023-01-01D12:04:47.000920301,GBPUSD,1350313,963
2023-01-01D12:04:48.000524669,GBPUSD,1350685,653
2023-01-01D12:04:48.000555158,EURUSD,1199113,53
2023-01-01D12:04:48.000614645,USDJPY,115000339,826
2023-01-01D12:04:49.000501506,EURUSD,1199282,441
2023-01-01D12:04:49.000608259,GBPUSD,1350572,389
2023-01-01D12:04:49.000947977,USDJPY,115001013,990
2023-01-01D12:04:50.000095171,EURUSD,1200751,566
2023-01-01D12:04:50.000536775,GBPUSD,1350656,609
2023-01-01D12:04:50.000758309,USDJPY,114999575,730
2023-01-01D12:04:51.000156337,USDJPY,115000274,564
2023-01-01D12:04:51.000329352,GBPUSD,1349989,865
2023-01-01D12:04:51.000588162,EURUSD,1200910,958
2023-01-01D12:04:52.000371944,EURUSD,1200297,515
2023-01-01D12:04:52.000654541,USDJPY,114999126,583
2023-01-01D12:04:52.000884101,GBPUSD,1350671,587
2023-01-01D12:04:53.000250890,USDJPY,115000518,715
2023-01-01D12:04:53.000265680,GBPUSD,1349334,238
2023-01-01D12:04:53.000322236,EURUSD,1200720,872
2023-01-01D12:04:54.000081652,GBPUSD,1349166,265
2023-01-01D12:04:54.000337144,USDJPY,115000121,182
2023-01-01D12:04:54.000919496,EURUSD,1199078,140
2023-01-01D12:04:55.000660601,GBPUSD,1349809,952
2023-01-01D12:04:55.000978707,EURUSD,1199122,270
2023-01-01D12:04:55.000979043,USDJPY,115000129,17
2023-01-01D12:04:56.000032057,EURUSD,1200705,928
2023-01-01D12:04:56.000113785,USDJPY,114999625,113
2023-01-01D12:04:56.000721426,GBPUSD,1349116,731
2023-01-01D12:04:57.000062182,USDJPY,114999459,694
2023-01-01D12:04:57.000166661,EURUSD,1199451,298
2023-01-01D12:04:57.000559270,GBPUSD,1350989,179
2023-01-01D12:04:58.000142028,EURUSD,1200020,918
2023-01-01D12:04:58.000780553,USDJPY,115000882,133
2023-01-01D12:04:58.000879803,GBPUSD,1349728,193
2023-01-01D12:04:59.000117623,USDJPY,115000616,757
2023-01-01D12:04:59.000192944,EURUSD,1200420,674
2023-01-01D12:04:59.000318563,GBPUSD,1350745,714
2023-01-01D12:05:00.000257357,GBPUSD,1349529,543
2023-01-01D12:05:00.000539864,USDJPY,114999860,628
2023-01-01D12:05:00.000587989,EURUSD,1199448,499
2023-01-01D12:05:01.000001230,USDJPY,115000026,590
2023-01-01D12:05:01.000221965,EURUSD,1200299,458
2023-01-01D12:05:01.000326962,GBPUSD,1349101,232
2023-01-01D12:05:02.000162443,GBPUSD,1349949,371
2023-01-01D12:05:02.000432711,USDJPY,115000507,262
2023-01-01D12:05:02.000761887,EURUSD,1200161,433
2023-01-01D12:05:03.000052064,GBPUSD,1350448,798
2023-01-01D12:05:03.000310800,EURUSD,1199609,15
2023-01-01D12:05:03.000810116,USDJPY,115000778,895
2023-01-01D12:05:04.000062851,EURUSD,1199703,483
2023-01-01D12:05:04.000808250,GBPUSD,1350716,231
2023-01-01D12:05:04.000992541,USDJPY,114999521,194
2023-01-01D12:05:05.000148083,EURUSD,1200018,641
2023-01-01D12:05:05.000611011,USDJPY,115000981,421
2023-01-01D12:05:05.000957360,GBPUSD,1350803,715
2023-01-01D12:05:06.000082937,EURUSD,1199175,502
2023-01-01D12:05:06.000790358,GBPUSD,1349234,807
2023-01-01D12:05:06.000903200,USDJPY,114999170,605
2023-01-01D12:05:07.000680490,USDJPY,114999112,532
2023-01-01D12:05:07.000776193,GBPUSD,1349293,288
2023-01-01D12:05:07.000978847,EURUSD,1199658,112
2023-01-01D12:05:08.000195162,GBPUSD,1350921,467
2023-01-01D12:05:08.000209993,USDJPY,114999211,498
2023-01-01D12:05:08.000637064,EURUSD,1199870,459
2023-01-01D12:05:09.000304642,GBPUSD,1350465,482
2023-01-01D12:05:09.000557981,USDJPY,115000025,844
2023-01-01D12:05:09.000817879,EURUSD,1200203,255
2023-01-01D12:05:10.000235839,EURUSD,1200283,314
2023-01-01D12:05:10.000409981,GBPUSD,1350822,534
2023-01-01D12:05:10.000642613,USDJPY,114999780,123
2023-01-01D12:05:11.000469033,GBPUSD,1349899,321
2023-01-01D12:05:11.000660446,EURUSD,1200920,102
2023-01-01D12:05:11.000913657,USDJPY,114999392,301
2023-01-01D12:05:12.000108300,USDJPY,115000763,447
2023-01-01D12:05:12.000167387,EURUSD,1199180,935
2023-01-01D12:05:12.000603858,GBPUSD,1350296,631
2023-01-01D12:05:13.000009293,EURUSD,1200747,819
2023-01-01D12:05:13.000043969,GBPUSD,1350883,335
2023-01-01D12:05:13.000948530,USDJPY,115000547,530
2023-01-01D12:05:14.000519004,GBPUSD,1349664,191
2023-01-01D12:05:14.000632647,EURUSD,1200318,948
2023-01-01D12:05:14.000780361,USDJPY,115000170,128
2023-01-01D12:05:15.000245430,EURUSD,1199910,744
2023-01-01D12:05:15.000284272,USDJPY,115000909,521
2023-01-01D12:05:15.000832013,GBPUSD,1350803,618
2023-01-01D12:05:16.000376223,EURUSD,1201045,720
2023-01-01D12:05:16.000527845,GBPUSD,1350257,738
2023-01-01D12:05:16.000663683,USDJPY,114999517,518
2023-01-01D12:05:17.000641620,EURUSD,1199927,35
2023-01-01D12:05:17.000784363,USDJPY,115000956,111
2023-01-01D12:05:17.000891696,GBPUSD,1349639,150
2023-01-01D12:05:18.000144499,EURUSD,1200002,777
2023-01-01D12:05:18.000300529,GBPUSD,1350499,629
2023-01-01D12:05:18.000482479,USDJPY,115000639,636
2023-01-01D12:05:19.000495314,GBPUSD,1350376,769
2023-01-01D12:05:19.000789072,USDJPY,115000271,288
2023-01-01D12:05:19.000845414,EURUSD,1200784,197
2023-01-01D12:05:20.000123727,USDJPY,114999460,319
2023-01-01D12:05:20.000162395,EURUSD,1201059,376
2023-01-01D12:05:20.000926069,GBPUSD,1349823,282
2023-01-01D12:05:21.000185533,USDJPY,114999214,288
2023-01-01D12:05:21.000640274,GBPUSD,1349949,763
2023-01-01D12:05:21.000652226,EURUSD,1199773,71
2023-01-01D12:05:22.000074879,EURUSD,1200666,966
2023-01-01D12:05:22.000249570,GBPUSD,1350459,327
2023-01-01D12:05:22.000988118,USDJPY,114999329,456
2023-01-01D12:05:23.000252214,GBPUSD,1349309,294
2023-01-01D12:05:23.000417285,EURUSD,1200686,378
2023-01-01D12:05:23.000669053,USDJPY,115000105,374
2023-01-01D12:05:24.000185601,GBPUSD,1350520,758
2023-01-01D12:05:24.000544362,EURUSD,1200800,860
2023-01-01D12:05:24.000745362,USDJPY,115000084,400
2023-01-01D12:05:25.000317002,GBPUSD,1349795,320
2023-01-01D12:05:25.000580408,EURUSD,1199628,412
2023-01-01D12:05:25.000640354,USDJPY,115000210,734
2023-01-01D12:05:26.000061430,EURUSD,1199906,17
2023-01-01D12:05:26.000327337,GBPUSD,1349710,297
2023-01-01D12:05:26.000532251,USDJPY,115000559,195
2023-01-01D12:05:27.000298645,GBPUSD,1350247,915
2023-01-01D12:05:27.000809115,USDJPY,114999366,190
2023-01-01D12:05:27.000838660,EURUSD,1199872,277
2023-01-01D12:05:28.000218264,EURUSD,1200186,683
2023-01-01D12:05:28.000228282,GBPUSD,1350543,261
2023-01-01D12:05:28.000382050,USDJPY,115000499,651
2023-01-01D12:05:29.000136978,GBPUSD,1350356,673
2023-01-01D12:05:29.000390570,EURUSD,1199408,927
2023-01-01D12:05:29.000446631,USDJPY,115000707,197
2023-01-01D12:05:30.000486118,USDJPY,114999499,587
2023-01-01D12:05:30.000509884,GBPUSD,1350717,469
2023-01-01D12:05:30.000882354,EURUSD,1200439,728
2023-01-01D12:05:31.000418966,USDJPY,114999620,596
2023-01-01D12:05:31.000428453,EURUSD,1199812,748
2023-01-01D12:05:31.000551362,GBPUSD,1350707,871
2023-01-01D12:05:32.000555535,GBPUSD,1350827,458
2023-01-01D12:05:32.000827586,USDJPY,115000379,326
2023-01-01D12:05:32.000922643,EURUSD,1200219,518
2023-01-01D12:05:33.000243671,EURUSD,1199631,383
2023-01-01D12:05:33.000578842,GBPUSD,1350272,816
2023-01-01D12:05:33.000881778,USDJPY,115000811,882
2023-01-01D12:05:34.000668067,EURUSD,1199272,431
2023-01-01D12:05:34.000803200,USDJPY,115000273,874
2023-01-01D12:05:34.000965205,GBPUSD,1350722,352
2023-01-01D12:05:35.000609463,GBPUSD,1350254,291
2023-01-01D12:05:35.000658795,EURUSD,1200642,455
2023-01-01D12:05:35.000707584,USDJPY,114999652,545
2023-01-01D12:05:36.000349350,GBPUSD,1349283,936
2023-01-01D12:05:36.000924058,EURUSD,1200532,880
2023-01-01D12:05:36.000999044,USDJPY,115000657,638
2023-01-01D12:05:37.000463052,GBPUSD,1350097,583
2023-01-01D12:05:37.000835108,EURUSD,1200762,872
2023-01-01D12:05:37.000860718,USDJPY,114999896,928
2023-01-01D12:05:38.000269085,EURUSD,1200195,385
2023-01-01D12:05:38.000441610,GBPUSD,1349878,645
2023-01-01D12:05:38.000874820,USDJPY,115000568,96
2023-01-01D12:05:39.000591307,USDJPY,114999370,421
2023-01-01D12:05:39.000848807,EURUSD,1199601,623
2023-01-01D12:05:39.000942194,GBPUSD,1350255,582
2023-01-01D12:05:40.000016786,USDJPY,114999148,463
2023-01-01D12:05:40.000463349,EURUSD,1200933,996
2023-01-01D12:05:40.000865980,GBPUSD,1350335,593
2023-01-01D12:05:41.000005390,EURUSD,1199867,434
2023-01-01D12:05:41.000457994,GBPUSD,1349728,799
2023-01-01D12:05:41.000845952,USDJPY,114999231,357
2023-01-01D12:05:42.000015216,GBPUSD,1350234,379
2023-01-01D12:05:42.000389454,EURUSD,1199786,892
2023-01-01D12:05:42.000833926,USDJPY,115000987,643
2023-01-01D12:05:43.000582805,EURUSD,1200637,513
2023-01-01D12:05:43.000668243,GBPUSD,1350972,988
2023-01-01D12:05:43.000789150,USDJPY,114999687,966
2023-01-01D12:05:44.000142497,USDJPY,115000978,852
2023-01-01D12:05:44.000538081,EURUSD,1200165,975
2023-01-01D12:05:44.000735043,GBPUSD,1351020,974
2023-01-01D12:05:45.000031265,USDJPY,115000282,452
2023-01-01D12:05:45.000263685,EURUSD,1201032,598
2023-01-01D12:05:45.000742708,GBPUSD,1349465,347
2023-01-01D12:05:46.000361643,USDJPY,115000613,872
2023-01-01D12:05:46.000523790,GBPUSD,1350150,380
2023-01-01D12:05:46.000989080,EURUSD,1200695,38
2023-01-01D12:05:47.000239133,USDJPY,115000227,245
2023-01-01D12:05:47.000251581,EURUSD,1199984,991
2023-01-01D12:05:47.000354260,GBPUSD,1349307,973
2023-01-01D12:05:48.000249148,USDJPY,115000664,673
2023-01-01D12:05:48.000491519,GBPUSD,1349408,964
2023-01-01D12:05:48.000910472,EURUSD,1199282,688
2023-01-01D12:05:49.000059022,GBPUSD,1350082,905
2023-01-01D12:05:49.000795171,USDJPY,115000983,18
2023-01-01D12:05:49.000990361,EURUSD,1200601,413
2023-01-01D12:05:50.000001009,EURUSD,1200594,469
2023-01-01D12:05:50.000224482,GBPUSD,1349311,488
2023-01-01D12:05:50.000632973,USDJPY,115000827,493
2023-01-01D12:05:51.000534894,USDJPY,114999324,858
2023-01-01D12:05:51.000540370,GBPUSD,1350705,168
2023-01-01D12:05:51.000789423,EURUSD,1200922,70
2023-01-01D12:05:52.000394635,USDJPY,114999362,60
2023-01-01D12:05:52.000676868,GBPUSD,1349834,53
2023-01-01D12:05:52.000826478,EURUSD,1200782,768
2023-01-01D12:05:53.000112128,USDJPY,114999956,146
2023-01-01D12:05:53.000313101,GBPUSD,1351028,356
2023-01-01D12:05:53.000475395,EURUSD,1199465,56
2023-01-01D12:05:54.000069422,EURUSD,1200108,47
2023-01-01D12:05:54.000194308,GBPUSD,1350067,826
2023-01-01D12:05:54.000245384,USDJPY,114999844,974
2023-01-01D12:05:55.000368973,EURUSD,1200859,812
2023-01-01D12:05:55.000390303,USDJPY,114999548,894
2023-01-01D12:05:55.000453702,GBPUSD,1350163,714
2023-01-01D12:05:56.000029701,EURUSD,1200706,137
2023-01-01D12:05:56.000559511,GBPUSD,1350353,984
2023-01-01D12:05:56.000743796,USDJPY,115000771,663
2023-01-01D12:05:57.000380579,USDJPY,114999541,24
2023-01-01D12:05:57.000754409,GBPUSD,1349543,105
2023-01-01D12:05:57.000950972,EURUSD,1199310,929
2023-01-01D12:05:58.000527049,GBPUSD,1350663,702
2023-01-01D12:05:58.000691871,USDJPY,114999321,768
2023-01-01D12:05:58.000992370,EURUSD,1199940,255
2023-01-01D12:05:59.000514613,GBPUSD,1350403,468
2023-01-01D12:05:59.000735409,USDJPY,115000204,988
2023-01-01D12:05:59.000921240,EURUSD,1200977,926
2023-01-01D12:06:00.000294495,USDJPY,115000134,216
2023-01-01D12:06:00.000643085,GBPUSD,1351040,402
2023-01-01D12:06:00.000664377,EURUSD,1200913,978
2023-01-01D12:06:01.000376365,GBPUSD,1349092,775
2023-01-01D12:06:01.000528288,EURUSD,1199092,281
2023-01-01D12:06:01.000586785,USDJPY,114999175,237
2023-01-01D12:06:02.000156106,EURUSD,1200281,769
2023-01-01D12:06:02.000715182,USDJPY,114999431,336
2023-01-01D12:06:02.000942858,GBPUSD,1349234,318
2023-01-01D12:06:03.000063242,EURUSD,1200745,987
2023-01-01D12:06:03.000649661,GBPUSD,1349472,24
2023-01-01D12:06:03.000799845,USDJPY,115000452,855
2023-01-01D12:06:04.000511125,USDJPY,115000044,332
2023-01-01D12:06:04.000727464,EURUSD,1199264,771
2023-01-01D12:06:04.000745980,GBPUSD,1350264,299
2023-01-01D12:06:05.000181685,USDJPY,115000048,164
2023-01-01D12:06:05.000193506,GBPUSD,1350677,981
2023-01-01D12:06:05.000606765,EURUSD,1199284,93
2023-01-01D12:06:06.000369164,EURUSD,1201039,391
2023-01-01D12:06:06.000488808,USDJPY,115000098,938
2023-01-01D12:06:06.000800472,GBPUSD,1350092,219
2023-01-01D12:06:07.000345039,GBPUSD,1350257,750
2023-01-01D12:06:07.000551489,USDJPY,115000017,910
2023-01-01D12:06:07.000666151,EURUSD,1199809,507
2023-01-01D12:06:08.000056460,USDJPY,115000972,794
2023-01-01D12:06:08.000652696,EURUSD,1199850,450
2023-01-01D12:06:08.000929885,GBPUSD,1349371,842
2023-01-01D12:06:09.000489149,USDJPY,114999547,982
2023-01-01D12:06:09.000581051,GBPUSD,1350159,876
2023-01-01D12:06:09.000846221,EURUSD,1200260,336
2023-01-01D12:06:10.000782392,EURUSD,1199841,678
2023-01-01D12:06:10.000891099,USDJPY,114999119,248
2023-01-01D12:06:10.000971187,GBPUSD,1350190,175
2023-01-01D12:06:11.000252158,EURUSD,1199858,117
2023-01-01D12:06:11.000278704,USDJPY,114999189,207
2023-01-01D12:06:11.000738762,GBPUSD,1350816,994
2023-01-01D12:06:12.000229754,EURUSD,1200793,396
2023-01-01D12:06:12.000554544,GBPUSD,1350526,93
2023-01-01D12:06:12.000828863,USDJPY,114999869,512
2023-01-01D12:06:13.000017905,GBPUSD,1349766,632
2023-01-01D12:06:13.000187252,USDJPY,114999872,569
2023-01-01D12:06:13.000828672,EURUSD,1200897,199
2023-01-01D12:06:14.000004682,GBPUSD,1349447,446
2023-01-01D12:06:14.000565325,USDJPY,114999642,670
2023-01-01D12:06:14.000826294,EURUSD,1200993,734
2023-01-01D12:06:15.000527031,USDJPY,114999415,321
2023-01-01D12:06:15.000625381,GBPUSD,1350191,151
2023-01-01D12:06:15.000728304,EURUSD,1199183,703
2023-01-01D12:06:16.000062830,EURUSD,1199268,64
2023-01-01D12:06:16.000166079,GBPUSD,1350030,103
2023-01-01D12:06:16.000843850,USDJPY,115001002,813
2023-01-01D12:06:17.000040821,GBPUSD,1350630,393
2023-01-01D12:06:17.000275656,USDJPY,115000426,537
2023-01-01D12:06:17.000819491,EURUSD,1199767,331
2023-01-01D12:06:18.000067016,GBPUSD,1350155,770
2023-01-01D12:06:18.000706733,EURUSD,1201022,638
2023-01-01D12:06:18.000981766,USDJPY,115000357,342
2023-01-01D12:06:19.000053394,USDJPY,115000368,473
2023-01-01D12:06:19.000418515,EURUSD,1199988,912
2023-01-01D12:06:19.000995679,GBPUSD,1349551,946
2023-01-01D12:06:20.000028976,EURUSD,1199230,428
2023-01-01D12:06:20.000347335,USDJPY,114999535,529
2023-01-01D12:06:20.000832776,GBPUSD,1350657,253
2023-01-01D12:06:21.000001841,GBPUSD,1349998,103
2023-01-01D12:06:21.000123784,USDJPY,114999624,553
2023-01-01D12:06:21.000902018,EURUSD,1199601,148
2023-01-01D12:06:22.000162037,GBPUSD,1349759,194
2023-01-01D12:06:22.000192753,USDJPY,115000738,36
2023-01-01D12:06:22.000352180,EURUSD,1199110,665
2023-01-01D12:06:23.000202020,GBPUSD,1350763,427
2023-01-01D12:06:23.000808480,USDJPY,115000680,502
2023-01-01D12:06:23.000986980,EURUSD,1199660,620
2023-01-01D12:06:24.000240072,GBPUSD,1349767,285
2023-01-01D12:06:24.000455405,EURUSD,1200488,329
2023-01-01D12:06:24.000498259,USDJPY,114999332,746
2023-01-01D12:06:25.000084305,USDJPY,115000653,181
2023-01-01D12:06:25.000133443,GBPUSD,1350869,512
2023-01-01D12:06:25.000186100,EURUSD,1199814,429
2023-01-01D12:06:26.000047008,EURUSD,1200552,965
2023-01-01D12:06:26.000208931,GBPUSD,1350951,576
2023-01-01D12:06:26.000945573,USDJPY,115000931,54
2023-01-01D12:06:27.000539675,EURUSD,1200274,843
2023-01-01D12:06:27.000762227,GBPUSD,1349116,199
2023-01-01D12:06:27.000895104,USDJPY,114999983,267
2023-01-01D12:06:28.000192157,EURUSD,1199223,705
2023-01-01D12:06:28.000330961,USDJPY,114999505,477
2023-01-01D12:06:28.000713699,GBPUSD,1350293,41
2023-01-01D12:06:29.000043102,EURUSD,1200959,702
2023-01-01D12:06:29.000316958,USDJPY,114999930,490
2023-01-01D12:06:29.000616804,GBPUSD,1349907,689
2023-01-01D12:06:30.000132947,EURUSD,1200690,928
2023-01-01D12:06:30.000540622,GBPUSD,1351051,679
2023-01-01D12:06:30.000717028,USDJPY,115000852,333
2023-01-01D12:06:31.000482444,EURUSD,1199514,922
2023-01-01D12:06:31.000487928,GBPUSD,1349699,966
2023-01-01D12:06:31.000904002,USDJPY,114999813,475
2023-01-01D12:06:32.000036053,GBPUSD,1350195,681
2023-01-01D12:06:32.000073597,USDJPY,114999714,695
2023-01-01D12:06:32.000293381,EURUSD,1199366,900
2023-01-01D12:06:33.000174735,USDJPY,115000631,254
2023-01-01D12:06:33.000264623,EURUSD,1199694,408
2023-01-01D12:06:33.000684578,GBPUSD,1350794,121
2023-01-01D12:06:34.000575501,USDJPY,114999681,291
2023-01-01D12:06:34.000825384,EURUSD,1199139,754
2023-01-01D12:06:34.000900221,GBPUSD,1349604,954
2023-01-01D12:06:35.000157954,GBPUSD,1350205,816
2023-01-01D12:06:35.000563997,EURUSD,1199170,694
2023-01-01D12:06:35.000776108,USDJPY,115000443,65
2023-01-01D12:06:36.000253456,USDJPY,115000453,629
2023-01-01D12:06:36.000529415,GBPUSD,1350457,179
2023-01-01D12:06:36.000810110,EURUSD,1200251,28
2023-01-01D12:06:37.000066619,EURUSD,1199966,398
2023-01-01D12:06:37.000174905,USDJPY,115000914,729
2023-01-01D12:06:37.000613994,GBPUSD,1350144,238
2023-01-01D12:06:38.000641864,GBPUSD,1349814,448
2023-01-01D12:06:38.000762982,EURUSD,1200345,255
2023-01-01D12:06:38.000882090,USDJPY,115000421,72
2023-01-01D12:06:39.000274414,EURUSD,1199730,318
2023-01-01D12:06:39.000304256,GBPUSD,1349086,787
2023-01-01D12:06:39.000717064,USDJPY,115000849,112
2023-01-01D12:06:40.000243867,EURUSD,1200672,993
2023-01-01D12:06:40.000350996,USDJPY,114999531,631
2023-01-01D12:06:40.000995305,GBPUSD,1350754,144
2023-01-01D12:06:41.000428154,GBPUSD,1350787,927
2023-01-01D12:06:41.000635741,EURUSD,1200231,680
2023-01-01D12:06:41.000882689,USDJPY,114999926,334
2023-01-01D12:06:42.000326389,EURUSD,1199096,732
2023-01-01D12:06:42.000704318,GBPUSD,1349479,234
2023-01-01D12:06:42.000816381,USDJPY,115000394,508
2023-01-01D12:06:43.000069615,GBPUSD,1350219,355
2023-01-01D12:06:43.000092376,USDJPY,115000474,169
2023-01-01D12:06:43.000504097,EURUSD,1199588,920
2023-01-01D12:06:44.000831428,GBPUSD,1349871,283
2023-01-01D12:06:44.000863497,EURUSD,1200699,31
2023-01-01D12:06:44.000970986,USDJPY,114999919,31
2023-01-01D12:06:45.000129769,USDJPY,115000576,500
2023-01-01D12:06:45.000826317,EURUSD,1199403,505
2023-01-01D12:06:45.000838468,GBPUSD,1350371,319
2023-01-01D12:06:46.000312069,EURUSD,1199554,956
2023-01-01D12:06:46.000319291,GBPUSD,1350184,404
2023-01-01D12:06:46.000672611,USDJPY,114999541,311
2023-01-01D12:06:47.000310957,GBPUSD,1349928,388
2023-01-01D12:06:47.000696980,USDJPY,114999977,45
2023-01-01D12:06:47.000919670,EURUSD,1199775,380
2023-01-01D12:06:48.000178096,EURUSD,1200486,457
2023-01-01D12:06:48.000454207,GBPUSD,1349478,208
2023-01-01D12:06:48.000874368,USDJPY,115000067,340
2023-01-01D12:06:49.000155253,EURUSD,1199383,630
2023-01-01D12:06:49.000240691,GBPUSD,1349160,479
2023-01-01D12:06:49.000575872,USDJPY,115001059,986
2023-01-01D12:06:50.000275982,EURUSD,1200174,588
2023-01-01D12:06:50.000709232,USDJPY,114999287,739
2023-01-01D12:06:50.000839794,GBPUSD,1350770,28
2023-01-01D12:06:51.000062949,GBPUSD,1350948,497
2023-01-01D12:06:51.000439471,EURUSD,1201054,708
2023-01-01D12:06:51.000793852,USDJPY,114999761,280
2023-01-01D12:06:52.000395188,GBPUSD,1349751,337
2023-01-01D12:06:52.000815625,USDJPY,114999869,472
2023-01-01D12:06:52.000862364,EURUSD,1200799,900
2023-01-01D12:06:53.000482207,EURUSD,1200812,212
2023-01-01D12:06:53.000717691,GBPUSD,1350044,877
2023-01-01D12:06:53.000837155,USDJPY,115000449,707
2023-01-01D12:06:54.000204514,GBPUSD,1349307,934
2023-01-01D12:06:54.000679228,EURUSD,1200938,983
2023-01-01D12:06:54.000797601,USDJPY,114999917,190
2023-01-01D12:06:55.000066274,GBPUSD,1349610,958
2023-01-01D12:06:55.000152026,EURUSD,1200997,153
2023-01-01D12:06:55.000656907,USDJPY,115000049,546
2023-01-01D12:06:56.000011121,GBPUSD,1349627,710
2023-01-01D12:06:56.000533106,EURUSD,1200523,994
2023-01-01D12:06:56.000612566,USDJPY,115000136,299
2023-01-01D12:06:57.000123375,EURUSD,1200753,953
2023-01-01D12:06:57.000252293,USDJPY,115000577,324
2023-01-01D12:06:57.000703780,GBPUSD,1350762,51
2023-01-01D12:06:58.000066794,EURUSD,1199727,398
2023-01-01D12:06:58.000210878,USDJPY,114999631,778
2023-01-01D12:06:58.000526678,GBPUSD,1350263,785
2023-01-01D12:06:59.000034351,USDJPY,114999616,197
2023-01-01D12:06:59.000144810,EURUSD,1199153,618
2023-01-01D12:06:59.000947595,GBPUSD,1349142,415
2023-01-01D12:07:00.000367296,EURUSD,1199233,795
2023-01-01D12:07:00.000606127,GBPUSD,1349299,475
2023-01-01D12:07:00.000912964,USDJPY,114999217,376
2023-01-01D12:07:01.000365155,GBPUSD,1350324,133
2023-01-01D12:07:01.000585090,EURUSD,1199489,383
2023-01-01D12:07:01.000816469,USDJPY,115000587,633
2023-01-01D12:07:02.000140915,EURUSD,1200925,744
2023-01-01D12:07:02.000306917,GBPUSD,1349487,495
2023-01-01D12:07:02.000494056,USDJPY,114999586,654
2023-01-01D12:07:03.000249525,EURUSD,1199501,854
2023-01-01D12:07:03.000557096,GBPUSD,1350631,869
2023-01-01D12:07:03.000960728,USDJPY,115000109,148
2023-01-01D12:07:04.000278228,EURUSD,1199610,775
2023-01-01D12:07:04.000279694,USDJPY,115000331,590
2023-01-01D12:07:04.000979360,GBPUSD,1349561,291
2023-01-01D12:07:05.000084007,GBPUSD,1349612,999
2023-01-01D12:07:05.000415675,EURUSD,1199595,680
2023-01-01D12:07:05.000534782,USDJPY,115001028,758
2023-01-01D12:07:06.000246635,USDJPY,115000522,437
2023-01-01D12:07:06.000864237,EURUSD,1200163,132
2023-01-01D12:07:06.000934928,GBPUSD,1349092,792
2023-01-01D12:07:07.000151617,GBPUSD,1350039,860
2023-01-01D12:07:07.000853342,EURUSD,1200904,803
2023-01-01D12:07:07.000885099,USDJPY,115000170,13
2023-01-01D12:07:08.000337419,EURUSD,1199989,269
2023-01-01D12:07:08.000446590,GBPUSD,1350709,569
2023-01-01D12:07:08.000885652,USDJPY,115000298,627
2023-01-01D12:07:09.000117592,USDJPY,114999956,435
2023-01-01D12:07:09.000472730,EURUSD,1200886,627
2023-01-01D12:07:09.000663833,GBPUSD,1350341,924
2023-01-01D12:07:10.000075665,EURUSD,1200001,260
2023-01-01D12:07:10.000470950,USDJPY,115000798,445
2023-01-01D12:07:10.000952838,GBPUSD,1350435,947
2023-01-01D12:07:11.000085241,EURUSD,1199345,709
2023-01-01D12:07:11.000515800,USDJPY,115000018,165
2023-01-01D12:07:11.000734643,GBPUSD,1350080,65
2023-01-01D12:07:12.000117428,EURUSD,1200722,998
2023-01-01D12:07:12.000236612,GBPUSD,1350024,89
2023-01-01D12:07:12.000611417,USDJPY,114999535,657
2023-01-01D12:07:13.000300929,USDJPY,114999241,750
2023-01-01D12:07:13.000382712,GBPUSD,1349384,352
2023-01-01D12:07:13.000814309,EURUSD,1199512,964
2023-01-01D12:07:14.000003851,USDJPY,114999124,782
2023-01-01D12:07:14.000380078,GBPUSD,1350292,133
2023-01-01D12:07:14.000942783,EURUSD,1199316,126
2023-01-01D12:07:15.000076202,EURUSD,1201058,98
2023-01-01D12:07:15.000323504,USDJPY,115000162,996
2023-01-01D12:07:15.000872810,GBPUSD,1349547,865
2023-01-01D12:07:16.000093981,EURUSD,1200437,519
2023-01-01D12:07:16.000532337,USDJPY,115000139,823
2023-01-01D12:07:16.000858680,GBPUSD,1349380,153
2023-01-01D12:07:17.000014985,USDJPY,114999197,261
2023-01-01D12:07:17.000348280,EURUSD,1201058,54
2023-01-01D12:07:17.000778016,GBPUSD,1349553,558
2023-01-01D12:07:18.000121004,EURUSD,1199779,663
2023-01-01D12:07:18.000248632,USDJPY,115000992,828
2023-01-01D12:07:18.000925978,GBPUSD,1350662,946
2023-01-01D12:07:19.000415138,GBPUSD,1349728,938
2023-01-01D12:07:19.000489261,USDJPY,114999711,812
2023-01-01D12:07:19.000526700,EURUSD,1200556,31
2023-01-01D12:07:20.000182954,EURUSD,1200729,174
2023-01-01D12:07:20.000486058,GBPUSD,1350108,238
2023-01-01D12:07:20.000512324,USDJPY,114999669,532
2023-01-01D12:07:21.000006453,USDJPY,115000558,49
2023-01-01D12:07:21.000144797,GBPUSD,1349171,138
2023-01-01D12:07:21.000882157,EURUSD,1199257,314
2023-01-01D12:07:22.000039708,GBPUSD,1349681,94
2023-01-01D12:07:22.000340131,USDJPY,114999114,742
2023-01-01D12:07:22.000542119,EURUSD,1200487,369
2023-01-01D12:07:23.000841067,USDJPY,114999090,242
2023-01-01D12:07:23.000875546,GBPUSD,1349840,686
2023-01-01D12:07:23.000919627,EURUSD,1200483,257
2023-01-01D12:07:24.000503625,USDJPY,115000335,584
2023-01-01D12:07:24.000615556,EURUSD,1200327,146
2023-01-01D12:07:24.000640971,GBPUSD,1349641,829
2023-01-01D12:07:25.000169766,GBPUSD,1349190,656
2023-01-01D12:07:25.000666659,USDJPY,114999424,202
2023-01-01D12:07:25.000964510,EURUSD,1199931,97
2023-01-01D12:07:26.000245590,EURUSD,1200299,380
2023-01-01D12:07:26.000908030,USDJPY,114999425,707
2023-01-01D12:07:26.000998258,GBPUSD,1349680,253
2023-01-01D12:07:27.000204457,EURUSD,1200352,147
2023-01-01D12:07:27.000224012,GBPUSD,1350955,568
2023-01-01D12:07:27.000968165,USDJPY,115000906,480
2023-01-01D12:07:28.000230976,USDJPY,115001014,382
2023-01-01D12:07:28.000543563,EURUSD,1200692,248
2023-01-01D12:07:28.000583008,GBPUSD,1349514,367
2023-01-01D12:07:29.000342186,GBPUSD,1350189,210
2023-01-01D12:07:29.000360734,USDJPY,114999892,492
2023-01-01D12:07:29.000562931,EURUSD,1199105,237
2023-01-01D12:07:30.000069766,USDJPY,114999653,593
2023-01-01D12:07:30.000163972,EURUSD,1199898,705
2023-01-01D12:07:30.000320113,GBPUSD,1350769,734
2023-01-01D12:07:31.000159502,EURUSD,1199912,110
2023-01-01D12:07:31.000278637,USDJPY,114999876,700
2023-01-01D12:07:31.000928410,GBPUSD,1349601,864
2023-01-01D12:07:32.000413171,GBPUSD,1350484,772
2023-01-01D12:07:32.000545041,USDJPY,115000091,961
2023-01-01D12:07:32.000652520,EURUSD,1200024,391
2023-01-01D12:07:33.000322684,USDJPY,115000919,900
2023-01-01D12:07:33.000718256,GBPUSD,1350645,190
2023-01-01D12:07:33.000791188,EURUSD,1200234,994
2023-01-01D12:07:34.000086447,GBPUSD,1350608,629
2023-01-01D12:07:34.000376113,USDJPY,114999100,520
2023-01-01D12:07:34.000629849,EURUSD,1199570,917
2023-01-01D12:07:35.000043985,GBPUSD,1349963,868
2023-01-01D12:07:35.000172387,USDJPY,115000505,758
2023-01-01D12:07:35.000891706,EURUSD,1199352,612
2023-01-01D12:07:36.000358070,EURUSD,1200377,659
2023-01-01D12:07:36.000791244,GBPUSD,1350468,594
2023-01-01D12:07:36.000874408,USDJPY,114999701,518
2023-01-01D12:07:37.000724596,EURUSD,1199770,910
2023-01-01D12:07:37.000972252,USDJPY,115000899,746
2023-01-01D12:07:37.000978877,GBPUSD,1350230,669
2023-01-01D12:07:38.000164819,GBPUSD,1349530,984
2023-01-01D12:07:38.000391396,USDJPY,115000364,691
2023-01-01D12:07:38.000721868,EURUSD,1199570,450
2023-01-01D12:07:39.000419765,GBPUSD,1349798,229
2023-01-01D12:07:39.000769194,USDJPY,115000461,312
2023-01-01D12:07:39.000954342,EURUSD,1199499,64
2023-01-01D12:07:40.000047212,USDJPY,114999686,949
2023-01-01D12:07:40.000049405,EURUSD,1200794,276
2023-01-01D12:07:40.000979660,GBPUSD,1350609,707
2023-01-01D12:07:41.000537087,EURUSD,1200482,581
2023-01-01D12:07:41.000724477,GBPUSD,1349616,65
2023-01-01D12:07:41.000766022,USDJPY,115000978,677
2023-01-01D12:07:42.000083914,USDJPY,114999432,899
2023-01-01D12:07:42.000296154,EURUSD,1200612,397
2023-01-01D12:07:42.000559687,GBPUSD,1349254,563
2023-01-01D12:07:43.000112288,GBPUSD,1349875,471
2023-01-01D12:07:43.000397941,EURUSD,1200630,883
2023-01-01D12:07:43.000429967,USDJPY,114999247,434
2023-01-01D12:07:44.000318368,USDJPY,114999706,526
2023-01-01D12:07:44.000387620,EURUSD,1200761,194
2023-01-01D12:07:44.000979508,GBPUSD,1349880,236
2023-01-01D12:07:45.000111975,EURUSD,1199748,158
2023-01-01D12:07:45.000474112,GBPUSD,1349562,852
2023-01-01D12:07:45.000670285,USDJPY,115000067,93
2023-01-01D12:07:46.000495740,USDJPY,115000567,424
2023-01-01D12:07:46.000600405,EURUSD,1199963,860
2023-01-01D12:07:46.000771150,GBPUSD,1350935,915
2023-01-01D12:07:47.000355460,EURUSD,1199483,712
2023-01-01D12:07:47.000863053,GBPUSD,1351070,997
2023-01-01D12:07:47.000929495,USDJPY,114999662,414
2023-01-01D12:07:48.000098806,EURUSD,1200907,949
2023-01-01D12:07:48.000563502,USDJPY,115000400,765
2023-01-01D12:07:48.000618003,GBPUSD,1350946,710
2023-01-01D12:07:49.000188952,GBPUSD,1349703,84
2023-01-01D12:07:49.000253478,USDJPY,114999612,458
2023-01-01D12:07:49.000762085,EURUSD,1200697,441
2023-01-01D12:07:50.000574655,EURUSD,1200010,364
2023-01-01D12:07:50.000619077,USDJPY,115000579,664
2023-01-01D12:07:50.000625836,GBPUSD,1349622,79
2023-01-01D12:07:51.000193113,GBPUSD,1350899,704
2023-01-01D12:07:51.000332243,USDJPY,114999171,438
2023-01-01D12:07:51.000517729,EURUSD,1199675,606
2023-01-01D12:07:52.000066040,GBPUSD,1350239,700
2023-01-01D12:07:52.000545823,USDJPY,114999552,386
2023-01-01D12:07:52.000746786,EURUSD,1200890,423
2023-01-01D12:07:53.000016493,EURUSD,1199241,886
2023-01-01D12:07:53.000686240,USDJPY,115000058,713
2023-01-01D12:07:53.000979039,GBPUSD,1350000,451
2023-01-01D12:07:54.000651624,EURUSD,1199987,694
2023-01-01D12:07:54.000674916,USDJPY,114999292,834
2023-01-01D12:07:54.000960850,GBPUSD,1349498,836
2023-01-01D12:07:55.000066089,GBPUSD,1350377,603
2023-01-01D12:07:55.000190319,USDJPY,115000500,811
2023-01-01D12:07:55.000428495,EURUSD,1200371,100
2023-01-01D12:07:56.000668547,GBPUSD,1351035,148
2023-01-01D12:07:56.000863032,USDJPY,115000270,136
2023-01-01D12:07:56.000920692,EURUSD,1200287,374
2023-01-01D12:07:57.000038612,EURUSD,1200941,836
2023-01-01D12:07:57.000045789,GBPUSD,1349487,893
2023-01-01D12:07:57.000162155,USDJPY,114999205,553
2023-01-01D12:07:58.000636532,USDJPY,115000291,649
2023-01-01D12:07:58.000683648,GBPUSD,1350424,832
2023-01-01D12:07:58.000697870,EURUSD,1199371,872
2023-01-01D12:07:59.000234654,EURUSD,1199210,127
2023-01-01D12:07:59.000495481,GBPUSD,1350631,686
2023-01-01D12:07:59.000613608,USDJPY,114999693,238
2023-01-01D12:08:00.000156886,EURUSD,1199780,867
2023-01-01D12:08:00.000347298,GBPUSD,1350336,570
2023-01-01D12:08:00.000599745,USDJPY,115000720,982
2023-01-01D12:08:01.000244959,GBPUSD,1349574,409
2023-01-01D12:08:01.000666812,EURUSD,1199255,787
2023-01-01D12:08:01.000817936,USDJPY,115000139,23
2023-01-01D12:08:02.000353451,EURUSD,1201019,237
2023-01-01D12:08:02.000471181,USDJPY,115001038,163
2023-01-01D12:08:02.000728098,GBPUSD,1350189,671
2023-01-01D12:08:03.000372397,USDJPY,115001069,218
2023-01-01D12:08:03.000674786,EURUSD,1201001,45
2023-01-01D12:08:03.000837454,GBPUSD,1349148,732
2023-01-01D12:08:04.000030263,GBPUSD,1350112,435
2023-01-01D12:08:04.000179327,USDJPY,115000644,993
2023-01-01D12:08:04.000925666,EURUSD,1200939,940
2023-01-01D12:08:05.000074854,EURUSD,1200891,252
2023-01-01D12:08:05.000087030,GBPUSD,1350832,308
2023-01-01D12:08:05.000538816,USDJPY,115000293,876
2023-01-01D12:08:06.000091775,GBPUSD,1350271,761
2023-01-01D12:08:06.000112987,USDJPY,114999852,231
2023-01-01D12:08:06.000443335,EURUSD,1200857,169
2023-01-01D12:08:07.000466754,EURUSD,1199263,523
2023-01-01D12:08:07.000559556,GBPUSD,1350234,491
2023-01-01D12:08:07.000916433,USDJPY,115000207,108
2023-01-01D12:08:08.000242544,GBPUSD,1350964,203
2023-01-01D12:08:08.000476134,USDJPY,114999650,671
2023-01-01D12:08:08.000571446,EURUSD,1200297,487
2023-01-01D12:08:09.000197064,USDJPY,114999255,22
2023-01-01D12:08:09.000719687,GBPUSD,1349619,373
2023-01-01D12:08:09.000889669,EURUSD,1200630,134
2023-01-01D12:08:10.000015805,GBPUSD,1349709,208
2023-01-01D12:08:10.000084056,USDJPY,114999714,676
2023-01-01D12:08:10.000299530,EURUSD,1200936,189
2023-01-01D12:08:11.000185942,USDJPY,114999613,990
2023-01-01D12:08:11.000251730,GBPUSD,1349406,128
2023-01-01D12:08:11.000827525,EURUSD,1200557,583
2023-01-01D12:08:12.000002470,GBPUSD,1349774,714
2023-01-01D12:08:12.000558001,EURUSD,1200327,519
2023-01-01D12:08:12.000632389,USDJPY,115000723,610
2023-01-01D12:08:13.000119170,EURUSD,1199636,843
2023-01-01D12:08:13.000755330,USDJPY,115000856,858
2023-01-01D12:08:13.000962450,GBPUSD,1349088,525
2023-01-01D12:08:14.000388656,EURUSD,1199307,908
2023-01-01D12:08:14.000745927,GBPUSD,1349908,400
2023-01-01D12:08:14.000978394,USDJPY,115000514,272
2023-01-01D12:08:15.000093304,USDJPY,115000161,867
2023-01-01D12:08:15.000677635,GBPUSD,1350706,898
2023-01-01D12:08:15.000749567,EURUSD,1200294,319
2023-01-01D12:08:16.000472602,USDJPY,114999482,791
2023-01-01D12:08:16.000610262,EURUSD,1199356,999
2023-01-01D12:08:16.000634174,GBPUSD,1349222,429
2023-01-01D12:08:17.000032654,GBPUSD,1349217,220
2023-01-01D12:08:17.000125124,EURUSD,1201026,684
2023-01-01D12:08:17.000425129,USDJPY,114999691,658
2023-01-01D12:08:18.000536401,GBPUSD,1349959,808
2023-01-01D12:08:18.000717234,USDJPY,115000007,648
2023-01-01D12:08:18.000982076,EURUSD,1199909,961
2023-01-01D12:08:19.000250521,EURUSD,1201053,896
2023-01-01D12:08:19.000298346,USDJPY,115000277,576
2023-01-01D12:08:19.000902103,GBPUSD,1350229,23
2023-01-01D12:08:20.000023040,GBPUSD,1350643,180
2023-01-01D12:08:20.000730273,USDJPY,115000864,114
2023-01-01D12:08:20.000983460,EURUSD,1200395,257
2023-01-01D12:08:21.000534181,USDJPY,115001060,34
2023-01-01D12:08:21.000654562,EURUSD,1199890,492
2023-01-01D12:08:21.000739064,GBPUSD,1350897,871
2023-01-01D12:08:22.000301737,GBPUSD,1351067,127
2023-01-01D12:08:22.000500817,USDJPY,114999119,112
2023-01-01D12:08:22.000845674,EURUSD,1200896,217
2023-01-01D12:08:23.000039871,EURUSD,1200183,830
2023-01-01D12:08:23.000698755,USDJPY,115000933,713
2023-01-01D12:08:23.000973281,GBPUSD,1350299,427
2023-01-01D12:08:24.000213316,USDJPY,114999405,52
2023-01-01D12:08:24.000863198,GBPUSD,1349309,526
2023-01-01D12:08:24.000911930,EURUSD,1200670,398
2023-01-01D12:08:25.000024736,EURUSD,1200024,194
2023-01-01D12:08:25.000808929,GBPUSD,1349697,949
2023-01-01D12:08:25.000978441,USDJPY,115000139,512
2023-01-01D12:08:26.000043960,USDJPY,115000274,736
2023-01-01D12:08:26.000799523,GBPUSD,1350149,455
2023-01-01D12:08:26.000924047,EURUSD,1199778,147
2023-01-01D12:08:27.000166211,USDJPY,115000335,26
2023-01-01D12:08:27.000717870,GBPUSD,1350633,763
2023-01-01D12:08:27.000913340,EURUSD,1199825,96
2023-01-01D12:08:28.000201831,GBPUSD,1350767,757
2023-01-01D12:08:28.000225664,USDJPY,114999607,47
2023-01-01D12:08:28.000420902,EURUSD,1200006,726
2023-01-01D12:08:29.000600798,USDJPY,115001006,299
2023-01-01D12:08:29.000709561,EURUSD,1199722,294
2023-01-01D12:08:29.000784406,GBPUSD,1349433,296
2023-01-01D12:08:30.000350145,GBPUSD,1349709,293
2023-01-01D12:08:30.000522152,USDJPY,114999473,908
2023-01-01D12:08:30.000552569,EURUSD,1200344,81
2023-01-01D12:08:31.000232246,EURUSD,1199287,324
2023-01-01D12:08:31.000351152,USDJPY,114999643,754
2023-01-01D12:08:31.000895040,GBPUSD,1349802,900
2023-01-01D12:08:32.000738676,GBPUSD,1350301,77
2023-01-01D12:08:32.000946786,EURUSD,1200749,775
2023-01-01D12:08:32.000977847,USDJPY,114999105,168
2023-01-01D12:08:33.000121725,USDJPY,114999511,191
2023-01-01D12:08:33.000126981,GBPUSD,1350824,716
2023-01-01D12:08:33.000542620,EURUSD,1200135,736
2023-01-01D12:08:34.000310869,GBPUSD,1349854,940
2023-01-01D12:08:34.000394641,USDJPY,114999925,804
2023-01-01D12:08:34.000571454,EURUSD,1199457,309
2023-01-01D12:08:35.000443173,USDJPY,114999610,633
2023-01-01D12:08:35.000525199,GBPUSD,1350354,220
2023-01-01D12:08:35.000932469,EURUSD,1199926,86
2023-01-01D12:08:36.000008050,GBPUSD,1349084,826
2023-01-01D12:08:36.000442024,USDJPY,115000030,628
2023-01-01D12:08:36.000606138,EURUSD,1199163,814
2023-01-01D12:08:37.000161729,USDJPY,115000011,108
2023-01-01D12:08:37.000356628,EURUSD,1201026,827
2023-01-01D12:08:37.000578113,GBPUSD,1350888,13
2023-01-01D12:08:38.000143569,GBPUSD,1349479,712
2023-01-01D12:08:38.000168280,USDJPY,114999941,938
2023-01-01D12:08:38.000973812,EURUSD,1200664,127
2023-01-01D12:08:39.000009995,USDJPY,114999369,52
2023-01-01D12:08:39.000399368,GBPUSD,1350248,399
2023-01-01D12:08:39.000637740,EURUSD,1199285,169
2023-01-01D12:08:40.000581860,USDJPY,115000289,741
2023-01-01D12:08:40.000635531,EURUSD,1200518,950
2023-01-01D12:08:40.000763053,GBPUSD,1349385,437
2023-01-01D12:08:41.000215242,EURUSD,1199920,184
2023-01-01D12:08:41.000282625,GBPUSD,1349561,499
2023-01-01D12:08:41.000349696,USDJPY,115000452,205
2023-01-01D12:08:42.000583762,EURUSD,1200907,602
2023-01-01D12:08:42.000730895,GBPUSD,1349270,754
2023-01-01D12:08:42.000857712,USDJPY,114999834,429
2023-01-01D12:08:43.000089406,GBPUSD,1350305,13
2023-01-01D12:08:43.000944494,USDJPY,114999851,874
2023-01-01D12:08:43.000978246,EURUSD,1199421,321
2023-01-01D12:08:44.000280124,USDJPY,115000600,738
2023-01-01D12:08:44.000486930,GBPUSD,1350608,966
2023-01-01D12:08:44.000919587,EURUSD,1200085,152
2023-01-01D12:08:45.000114873,GBPUSD,1349091,578
2023-01-01D12:08:45.000320489,USDJPY,114999222,343
2023-01-01D12:08:45.000733375,EURUSD,1200559,480
2023-01-01D12:08:46.000397374,EURUSD,1199965,771
2023-01-01D12:08:46.000835833,GBPUSD,1349606,757
2023-01-01D12:08:46.000995957,USDJPY,114999117,839
2023-01-01D12:08:47.000693697,USDJPY,114999157,935
2023-01-01D12:08:47.000762490,EURUSD,1200026,956
2023-01-01D12:08:47.000889521,GBPUSD,1349133,851
2023-01-01D12:08:48.000409738,EURUSD,1200453,311
2023-01-01D12:08:48.000774806,USDJPY,115001089,27
2023-01-01D12:08:48.000807659,GBPUSD,1349619,892
2023-01-01D12:08:49.000429779,GBPUSD,1350394,592
2023-01-01D12:08:49.000701669,EURUSD,1200757,387
2023-01-01D12:08:49.000807352,USDJPY,115000444,391
2023-01-01D12:08:50.000083035,USDJPY,115000726,48
2023-01-01D12:08:50.000905451,EURUSD,1199580,607
2023-01-01D12:08:50.000957406,GBPUSD,1349394,819
2023-01-01D12:08:51.000269174,GBPUSD,1350069,10
2023-01-01D12:08:51.000654645,EURUSD,1200224,560
2023-01-01D12:08:51.000735352,USDJPY,114999355,112
2023-01-01D12:08:52.000258756,USDJPY,114999631,111
2023-01-01D12:08:52.000302401,GBPUSD,1350741,578
2023-01-01D12:08:52.000622180,EURUSD,1200740,769
2023-01-01D12:08:53.000528710,GBPUSD,1349391,683
2023-01-01D12:08:53.000635385,EURUSD,1200271,422
2023-01-01D12:08:53.000895361,USDJPY,115000970,402
2023-01-01D12:08:54.000533252,USDJPY,114999686,440
2023-01-01D12:08:54.000565445,EURUSD,1199619,374
2023-01-01D12:08:54.000746776,GBPUSD,1350335,729
2023-01-01D12:08:55.000183711,USDJPY,114999936,646
2023-01-01D12:08:55.000292636,EURUSD,1199295,781
2023-01-01D12:08:55.000458583,GBPUSD,1350156,104
2023-01-01D12:08:56.000383856,GBPUSD,1350236,141
2023-01-01D12:08:56.000526885,USDJPY,114999521,616
2023-01-01D12:08:56.000670455,EURUSD,1201060,400
2023-01-01D12:08:57.000686345,EURUSD,1199784,327
2023-01-01D12:08:57.000812943,GBPUSD,1350127,492
2023-01-01D12:08:57.000987554,USDJPY,114999252,738
2023-01-01D12:08:58.000693929,EURUSD,1200633,50
2023-01-01D12:08:58.000887991,GBPUSD,1349599,523
2023-01-01D12:08:58.000989830,USDJPY,115000976,337
2023-01-01D12:08:59.000061678,EURUSD,1199458,110
2023-01-01D12:08:59.000300930,USDJPY,115000192,503
2023-01-01D12:08:59.000384523,GBPUSD,1349168,381
2023-01-01D12:09:00.000217321,USDJPY,115000871,945
2023-01-01D12:09:00.000492442,EURUSD,1200021,312
2023-01-01D12:09:00.000875681,GBPUSD,1350736,936
2023-01-01D12:09:01.000112915,USDJPY,115000350,792
2023-01-01D12:09:01.000740121,EURUSD,1200194,508
2023-01-01D12:09:01.000912401,GBPUSD,1349688,947
2023-01-01D12:09:02.000489565,EURUSD,1199903,185
2023-01-01D12:09:02.000914579,USDJPY,115001093,529
2023-01-01D12:09:02.000983393,GBPUSD,1350203,285
2023-01-01D12:09:03.000071614,EURUSD,1200937,142
2023-01-01D12:09:03.000207415,GBPUSD,1349586,172
2023-01-01D12:09:03.000655610,USDJPY,115000386,395
2023-01-01D12:09:04.000395571,GBPUSD,1350349,317
2023-01-01D12:09:04.000607674,EURUSD,1200388,284
2023-01-01D12:09:04.000729865,USDJPY,115000169,831
2023-01-01D12:09:05.000504965,USDJPY,115000635,476
2023-01-01D12:09:05.000845335,EURUSD,1199670,293
2023-01-01D12:09:05.000901738,GBPUSD,1350046,839
2023-01-01D12:09:06.000039057,EURUSD,1200335,540
2023-01-01D12:09:06.000244923,USDJPY,114999290,457
2023-01-01D12:09:06.000405149,GBPUSD,1350440,994
2023-01-01D12:09:07.000014326,EURUSD,1200696,367
2023-01-01D12:09:07.000688832,USDJPY,114999187,714
2023-01-01D12:09:07.000985466,GBPUSD,1351056,52
2023-01-01D12:09:08.000149877,EURUSD,1199363,577
2023-01-01D12:09:08.000402554,USDJPY,115000263,962
2023-01-01D12:09:08.000639168,GBPUSD,1350888,330
2023-01-01D12:09:09.000619622,EURUSD,1200349,325
2023-01-01D12:09:09.000667713,GBPUSD,1349184,469
2023-01-01D12:09:09.000967992,USDJPY,114999807,573
2023-01-01D12:09:10.000581469,EURUSD,1199453,105
2023-01-01D12:09:10.000740708,USDJPY,115000934,90
2023-01-01D12:09:10.000907542,GBPUSD,1350237,668
2023-01-01D12:09:11.000591030,EURUSD,1200245,60
2023-01-01D12:09:11.000757817,USDJPY,114999480,904
2023-01-01D12:09:11.000917490,GBPUSD,1350884,371
2023-01-01D12:09:12.000697471,EURUSD,1199158,344
2023-01-01D12:09:12.000847384,GBPUSD,1350197,738
2023-01-01D12:09:12.000988153,USDJPY,115000782,434
2023-01-01D12:09:13.000120093,USDJPY,114999930,167
2023-01-01D12:09:13.000367625,GBPUSD,1350559,104
2023-01-01D12:09:13.000879610,EURUSD,1200318,422
2023-01-01D12:09:14.000041520,USDJPY,114999262,514
2023-01-01D12:09:14.000627295,EURUSD,1200169,301
2023-01-01D12:09:14.000827565,GBPUSD,1349476,764
2023-01-01D12:09:15.000288715,GBPUSD,1350646,221
2023-01-01D12:09:15.000736513,EURUSD,1199636,709
2023-01-01D12:09:15.000989773,USDJPY,114999667,480
2023-01-01D12:09:16.000437540,EURUSD,1200519,592
2023-01-01D12:09:16.000510854,USDJPY,114999281,329
2023-01-01D12:09:16.000844040,GBPUSD,1350764,864
2023-01-01D12:09:17.000134966,USDJPY,115000256,16
2023-01-01D12:09:17.000474552,GBPUSD,1349508,227
2023-01-01D12:09:17.000481181,EURUSD,1200522,783
2023-01-01D12:09:18.000053699,GBPUSD,1350436,954
2023-01-01D12:09:18.000644744,EURUSD,1200796,923
2023-01-01D12:09:18.000771910,USDJPY,115000478,181
2023-01-01D12:09:19.000280536,EURUSD,1200203,371
2023-01-01D12:09:19.000312746,USDJPY,114999727,34
2023-01-01D12:09:19.000343247,GBPUSD,1349288,679
2023-01-01D12:09:20.000273564,USDJPY,115000117,772
2023-01-01D12:09:20.000382148,EURUSD,1200252,901
2023-01-01D12:09:20.000508681,GBPUSD,1350903,894
2023-01-01D12:09:21.000103667,GBPUSD,1349834,828
2023-01-01D12:09:21.000400190,USDJPY,115000651,950
2023-01-01D12:09:21.000533068,EURUSD,1201089,949
2023-01-01D12:09:22.000124976,EURUSD,1200846,320
2023-01-01D12:09:22.000233011,GBPUSD,1349194,1000
2023-01-01D12:09:22.000297910,USDJPY,114999359,91
2023-01-01D12:09:23.000192469,USDJPY,114999671,373
2023-01-01D12:09:23.000297509,EURUSD,1201042,478
2023-01-01D12:09:23.000898658,GBPUSD,1350228,31
2023-01-01D12:09:24.000188752,USDJPY,115000940,335
2023-01-01D12:09:24.000364797,GBPUSD,1349742,635
2023-01-01D12:09:24.000370567,EURUSD,1199622,411
2023-01-01D12:09:25.000052449,USDJPY,115000398,185
2023-01-01D12:09:25.000389097,EURUSD,1200359,251
2023-01-01D12:09:25.000497575,GBPUSD,1349870,742
2023-01-01D12:09:26.000013535,GBPUSD,1350457,655
2023-01-01D12:09:26.000250342,EURUSD,1200598,622
2023-01-01D12:09:26.000925656,USDJPY,114999933,384
2023-01-01D12:09:27.000159697,USDJPY,114999600,123
2023-01-01D12:09:27.000639313,GBPUSD,1350341,582
2023-01-01D12:09:27.000879732,EURUSD,1199505,613
2023-01-01D12:09:28.000760481,GBPUSD,1350719,90
2023-01-01D12:09:28.000851405,USDJPY,114999926,456
2023-01-01D12:09:28.000887888,EURUSD,1200347,441
2023-01-01D12:09:29.000084725,GBPUSD,1349212,914
2023-01-01D12:09:29.000299020,USDJPY,114999419,227
2023-01-01D12:09:29.000473481,EURUSD,1199231,539
2023-01-01D12:09:30.000324262,GBPUSD,1349114,975
2023-01-01D12:09:30.000591282,EURUSD,1201015,219
2023-01-01D12:09:30.000626457,USDJPY,115000254,784
2023-01-01D12:09:31.000218966,GBPUSD,1349498,541
2023-01-01D12:09:31.000226300,EURUSD,1200068,549
2023-01-01D12:09:31.000383392,USDJPY,114999455,817
2023-01-01D12:09:32.000049090,GBPUSD,1349312,312
2023-01-01D12:09:32.000420482,USDJPY,115000838,602
2023-01-01D12:09:32.000968770,EURUSD,1199183,317
2023-01-01D12:09:33.000410501,EURUSD,1199508,856
2023-01-01D12:09:33.000615739,USDJPY,115000256,271
2023-01-01D12:09:33.000840211,GBPUSD,1350100,288
2023-01-01D12:09:34.000023139,EURUSD,1199123,313
2023-01-01D12:09:34.000452179,USDJPY,115000271,609
2023-01-01D12:09:34.000749730,GBPUSD,1349355,512
2023-01-01D12:09:35.000070122,GBPUSD,1349558,512
2023-01-01D12:09:35.000387036,USDJPY,114999573,508
2023-01-01D12:09:35.000410476,EURUSD,1200610,57
2023-01-01D12:09:36.000142591,USDJPY,115000057,807
2023-01-01D12:09:36.000361504,EURUSD,1199953,479
2023-01-01D12:09:36.000472427,GBPUSD,1349203,617
2023-01-01D12:09:37.000189035,USDJPY,114999313,693
2023-01-01D12:09:37.000376119,EURUSD,1199426,167
2023-01-01D12:09:37.000642837,GBPUSD,1350260,212
2023-01-01D12:09:38.000178160,USDJPY,114999477,387
2023-01-01D12:09:38.000758379,EURUSD,1199468,663
2023-01-01D12:09:38.000762832,GBPUSD,1349910,760
2023-01-01D12:09:39.000654254,EURUSD,1201081,62
2023-01-01D12:09:39.000958447,GBPUSD,1350707,219
2023-01-01D12:09:39.000999505,USDJPY,115000782,460
2023-01-01D12:09:40.000436661,EURUSD,1199717,691
2023-01-01D12:09:40.000485109,USDJPY,114999907,137
2023-01-01D12:09:40.000815984,GBPUSD,1350611,148
2023-01-01D12:09:41.000280949,EURUSD,1199901,487
2023-01-01D12:09:41.000468455,GBPUSD,1349767,897
2023-01-01D12:09:41.000500094,USDJPY,115000423,666
2023-01-01D12:09:42.000158268,USDJPY,115000748,669
2023-01-01D12:09:42.000397012,GBPUSD,1351045,323
2023-01-01D12:09:42.000495529,EURUSD,1200675,527
2023-01-01D12:09:43.000074588,GBPUSD,1349787,350
2023-01-01D12:09:43.000149856,USDJPY,114999755,657
2023-01-01D12:09:43.000376541,EURUSD,1199778,635
2023-01-01D12:09:44.000555387,GBPUSD,1350198,412
2023-01-01D12:09:44.000572625,USDJPY,115000456,967
2023-01-01D12:09:44.000628857,EURUSD,1200740,610
2023-01-01D12:09:45.000146765,USDJPY,115000613,186
2023-01-01D12:09:45.000668862,GBPUSD,1349538,685
2023-01-01D12:09:45.000991161,EURUSD,1200408,905
2023-01-01D12:09:46.000167927,GBPUSD,1350300,166
2023-01-01D12:09:46.000175475,EURUSD,1200736,448
2023-01-01D12:09:46.000857727,USDJPY,115000249,341
2023-01-01D12:09:47.000170013,EURUSD,1199900,545
2023-01-01D12:09:47.000321724,GBPUSD,1350909,892
2023-01-01D12:09:47.000830022,USDJPY,115000522,715
2023-01-01D12:09:48.000385624,USDJPY,115000866,376
2023-01-01D12:09:48.000624946,GBPUSD,1351010,123
2023-01-01D12:09:48.000761292,EURUSD,1200176,636
2023-01-01D12:09:49.000281503,EURUSD,1200133,767
2023-01-01D12:09:49.000458328,USDJPY,114999587,154
2023-01-01D12:09:49.000550078,GBPUSD,1349674,610
2023-01-01D12:09:50.000154508,USDJPY,114999610,145
2023-01-01D12:09:50.000671765,GBPUSD,1349635,677
2023-01-01D12:09:50.000986331,EURUSD,1201030,867
2023-01-01D12:09:51.000344352,GBPUSD,1349530,965
2023-01-01D12:09:51.000723247,EURUSD,1199663,285
2023-01-01D12:09:51.000793057,USDJPY,115001048,804
2023-01-01D12:09:52.000169376,USDJPY,114999662,447
2023-01-01D12:09:52.000472675,GBPUSD,1350747,687
2023-01-01D12:09:52.000871175,EURUSD,1199144,439
2023-01-01D12:09:53.000387259,GBPUSD,1350098,95
2023-01-01D12:09:53.000693339,EURUSD,1200106,44
2023-01-01D12:09:53.000981485,USDJPY,115000144,567
2023-01-01D12:09:54.000165965,EURUSD,1199632,742
2023-01-01D12:09:54.000275503,USDJPY,115000190,831
2023-01-01D12:09:54.000615680,GBPUSD,1350426,629
2023-01-01D12:09:55.000177031,GBPUSD,1350989,834
2023-01-01D12:09:55.000418382,USDJPY,115000324,682
2023-01-01D12:09:55.000566360,EURUSD,1201033,355
2023-01-01D12:09:56.000272896,USDJPY,115000197,971
2023-01-01D12:09:56.000309867,EURUSD,1200508,603
2023-01-01D12:09:56.000496627,GBPUSD,1349685,45
2023-01-01D12:09:57.000369178,GBPUSD,1350416,14
2023-01-01D12:09:57.000542300,EURUSD,1199485,477
2023-01-01D12:09:57.000639280,USDJPY,114999556,830
2023-01-01D12:09:58.000168108,GBPUSD,1349730,268
2023-01-01D12:09:58.000214466,USDJPY,115000560,821
2023-01-01D12:09:58.000366026,EURUSD,1199675,965
2023-01-01D12:09:59.000424733,EURUSD,1199781,70
2023-01-01D12:09:59.000816651,USDJPY,114999216,33
2023-01-01D12:09:59.000921894,GBPUSD,1350562,373
2023-01-01D12:10:00.000455807,GBPUSD,1350720,645
2023-01-01D12:10:00.000869273,USDJPY,115001078,724
2023-01-01D12:10:00.000990458,EURUSD,1200221,435
2023-01-01D12:10:01.000111619,EURUSD,1199798,631
2023-01-01D12:10:01.000233257,USDJPY,114999141,362
2023-01-01D12:10:01.000816048,GBPUSD,1349152,957
2023-01-01D12:10:02.000356184,USDJPY,115000088,163
2023-01-01D12:10:02.000441320,GBPUSD,1350688,385
2023-01-01D12:10:02.000966124,EURUSD,1200586,208
2023-01-01D12:10:03.000192033,EURUSD,1199531,862
2023-01-01D12:10:03.000404502,USDJPY,115000976,737
2023-01-01D12:10:03.000423385,GBPUSD,1350618,826
2023-01-01D12:10:04.000770836,EURUSD,1200087,760
2023-01-01D12:10:04.000827844,GBPUSD,1349594,326
2023-01-01D12:10:04.000985425,USDJPY,114999903,839
2023-01-01D12:10:05.000474006,GBPUSD,1350050,880
2023-01-01D12:10:05.000857797,EURUSD,1199740,979
2023-01-01D12:10:05.000946494,USDJPY,114999911,907
2023-01-01D12:10:06.000002576,EURUSD,1199572,366
2023-01-01D12:10:06.000249557,USDJPY,114999219,794
2023-01-01D12:10:06.000736883,GBPUSD,1349226,635
2023-01-01D12:10:07.000253060,EURUSD,1199767,913
2023-01-01D12:10:07.000860862,USDJPY,115001118,332
2023-01-01D12:10:07.000889525,GBPUSD,1350092,505
2023-01-01D12:10:08.000071887,EURUSD,1201093,185
2023-01-01D12:10:08.000093055,USDJPY,115000367,508
2023-01-01D12:10:08.000751845,GBPUSD,1350019,567
2023-01-01D12:10:09.000380673,USDJPY,114999154,666
2023-01-01D12:10:09.000628084,EURUSD,1199303,398
2023-01-01D12:10:09.000944039,GBPUSD,1349544,869
2023-01-01D12:10:10.000297340,GBPUSD,1350848,347
2023-01-01D12:10:10.000614191,EURUSD,1199481,724
2023-01-01D12:10:10.000709400,USDJPY,115000002,402
2023-01-01D12:10:11.000030863,EURUSD,1199873,654
2023-01-01D12:10:11.000627481,GBPUSD,1350819,113
2023-01-01D12:10:11.000888852,USDJPY,115001094,837
2023-01-01D12:10:12.000177281,GBPUSD,1350177,165
2023-01-01D12:10:12.000915848,USDJPY,114999613,439
2023-01-01D12:10:12.000961073,EURUSD,1199164,949
2023-01-01D12:10:13.000093011,GBPUSD,1350269,806
2023-01-01D12:10:13.000428653,EURUSD,1199759,468
2023-01-01D12:10:13.000913808,USDJPY,115000730,239
2023-01-01D12:10:14.000300376,EURUSD,1199562,513
2023-01-01D12:10:14.000302756,GBPUSD,1349780,454
2023-01-01D12:10:14.000903446,USDJPY,114999649,391
2023-01-01D12:10:15.000403679,GBPUSD,1349503,334
2023-01-01D12:10:15.000593080,EURUSD,1199938,613
2023-01-01D12:10:15.000876935,USDJPY,115000653,749
2023-01-01D12:10:16.000461506,USDJPY,115000242,354
2023-01-01D12:10:16.000493765,GBPUSD,1349527,438
2023-01-01D12:10:16.000692688,EURUSD,1199648,152
2023-01-01D12:10:17.000009930,GBPUSD,1349772,648
2023-01-01D12:10:17.000316795,EURUSD,1200464,113
2023-01-01D12:10:17.000764907,USDJPY,115000052,453
2023-01-01D12:10:18.000574063,USDJPY,115000504,58
2023-01-01D12:10:18.000715964,EURUSD,1199365,912
2023-01-01D12:10:18.000944952,GBPUSD,1349496,732
2023-01-01D12:10:19.000416755,EURUSD,1200374,619
2023-01-01D12:10:19.000519320,USDJPY,114999257,921
2023-01-01D12:10:19.000724955,GBPUSD,1350415,702
2023-01-01D12:10:20.000027278,GBPUSD,1350441,957
2023-01-01D12:10:20.000162426,EURUSD,1200047,100
2023-01-01D12:10:20.000977177,USDJPY,114999259,213
2023-01-01D12:10:21.000396089,USDJPY,115000461,657
2023-01-01D12:10:21.000459536,GBPUSD,1350106,581
2023-01-01D12:10:21.000538632,EURUSD,1199757,209
2023-01-01D12:10:22.000334225,EURUSD,1200784,407
2023-01-01D12:10:22.000515431,USDJPY,115000827,965
2023-01-01D12:10:22.000516432,GBPUSD,1350463,584
2023-01-01D12:10:23.000030732,USDJPY,115000742,365
2023-01-01D12:10:23.000733161,GBPUSD,1349588,410
2023-01-01D12:10:23.000833734,EURUSD,1199568,838
2023-01-01D12:10:24.000167149,EURUSD,1201104,203
2023-01-01D12:10:24.000272509,GBPUSD,1350336,532
2023-01-01D12:10:24.000392544,USDJPY,114999285,534
2023-01-01D12:10:25.000545742,USDJPY,114999704,346
2023-01-01D12:10:25.000645522,EURUSD,1199284,569
2023-01-01D12:10:25.000714289,GBPUSD,1349130,141
2023-01-01D12:10:26.000335634,USDJPY,114999442,13
2023-01-01D12:10:26.000340542,GBPUSD,1349731,329
2023-01-01D12:10:26.000872605,EURUSD,1200841,549
2023-01-01D12:10:27.000299249,USDJPY,115000189,479
2023-01-01D12:10:27.000471130,GBPUSD,1349705,478
2023-01-01D12:10:27.000675089,EURUSD,1199822,795
2023-01-01D12:10:28.000500571,EURUSD,1200095,610
2023-01-01D12:10:28.000797057,USDJPY,115000507,646
2023-01-01D12:10:28.000846689,GBPUSD,1350142,132
2023-01-01D12:10:29.000045805,USDJPY,115000825,100
2023-01-01D12:10:29.000167118,GBPUSD,1350400,791
2023-01-01D12:10:29.000752603,EURUSD,1199249,97
2023-01-01D12:10:30.000320239,USDJPY,114999873,721
2023-01-01D12:10:30.000524613,GBPUSD,1349586,333
2023-01-01D12:10:30.000929734,EURUSD,1200814,666
2023-01-01D12:10:31.000491074,GBPUSD,1350879,263
2023-01-01D12:10:31.000734031,EURUSD,1200746,297
2023-01-01D12:10:31.000838149,USDJPY,115001018,169
2023-01-01D12:10:32.000184795,USDJPY,114999930,133
2023-01-01D12:10:32.000659496,EURUSD,1199226,961
2023-01-01D12:10:32.000796160,GBPUSD,1350145,414
2023-01-01D12:10:33.000436083,GBPUSD,1351072,158
2023-01-01D12:10:33.000750116,USDJPY,114999582,179
2023-01-01D12:10:33.000909987,EURUSD,1200848,552
2023-01-01D12:10:34.000169190,EURUSD,1199739,847
2023-01-01D12:10:34.000802953,USDJPY,115000749,368
2023-01-01D12:10:34.000925111,GBPUSD,1349679,459
2023-01-01D12:10:35.000278215,EURUSD,1200718,349
2023-01-01D12:10:35.000607676,USDJPY,115001082,774
2023-01-01D12:10:35.000632537,GBPUSD,1350203,686
2023-01-01D12:10:36.000249223,GBPUSD,1350464,64
2023-01-01D12:10:36.000257880,USDJPY,115000863,279
2023-01-01D12:10:36.000370373,EURUSD,1200296,714
2023-01-01D12:10:37.000044883,EURUSD,1201001,594
2023-01-01D12:10:37.000669521,USDJPY,115000432,70
2023-01-01D12:10:37.000837612,GBPUSD,1349689,160
2023-01-01D12:10:38.000233428,EURUSD,1199228,144
2023-01-01D12:10:38.000256502,USDJPY,114999186,211
2023-01-01D12:10:38.000401158,GBPUSD,1349683,883
2023-01-01D12:10:39.000096259,EURUSD,1200602,975
2023-01-01D12:10:39.000718617,GBPUSD,1350679,757
2023-01-01D12:10:39.000935198,USDJPY,115000562,581
2023-01-01D12:10:40.000402756,USDJPY,115000385,660
2023-01-01D12:10:40.000488182,EURUSD,1200669,338
2023-01-01D12:10:40.000618119,GBPUSD,1349139,509
2023-01-01D12:10:41.000004398,USDJPY,114999244,390
2023-01-01D12:10:41.000375109,EURUSD,1200933,562
2023-01-01D12:10:41.000620287,GBPUSD,1349730,178
2023-01-01D12:10:42.000599092,EURUSD,1199904,553
2023-01-01D12:10:42.000666108,GBPUSD,1349722,398
2023-01-01D12:10:42.000688638,USDJPY,114999506,193
2023-01-01D12:10:43.000666156,GBPUSD,1349720,477
2023-01-01D12:10:43.000933538,USDJPY,115000136,613
2023-01-01D12:10:43.000991113,EURUSD,1199325,463
2023-01-01D12:10:44.000159389,USDJPY,115000574,929
2023-01-01D12:10:44.000384323,GBPUSD,1350578,684
2023-01-01D12:10:44.000466385,EURUSD,1199746,819
2023-01-01D12:10:45.000573808,USDJPY,115000438,869
2023-01-01D12:10:45.000777902,EURUSD,1200030,999
2023-01-01D12:10:45.000853113,GBPUSD,1349837,356
2023-01-01D12:10:46.000152117,USDJPY,114999673,793
2023-01-01D12:10:46.000191853,EURUSD,1199617,14
2023-01-01D12:10:46.000605174,GBPUSD,1349453,112
2023-01-01D12:10:47.000773416,GBPUSD,1349178,116
2023-01-01D12:10:47.000858261,USDJPY,114999465,797
2023-01-01D12:10:47.000895442,EURUSD,1201017,421
2023-01-01D12:10:48.000316029,EURUSD,1200581,318
2023-01-01D12:10:48.000424107,GBPUSD,1350733,413
2023-01-01D12:10:48.000576616,USDJPY,115000802,815
2023-01-01D12:10:49.000092080,GBPUSD,1350800,968
2023-01-01D12:10:49.000341149,USDJPY,115000249,366
2023-01-01D12:10:49.000625225,EURUSD,1199531,107
2023-01-01D12:10:50.000031764,GBPUSD,1350754,804
2023-01-01D12:10:50.000700705,EURUSD,1200764,362
2023-01-01D12:10:50.000957562,USDJPY,114999738,227
2023-01-01D12:10:51.000488568,EURUSD,1199693,534
2023-01-01D12:10:51.000860191,USDJPY,114999471,31
2023-01-01D12:10:51.000948572,GBPUSD,1349111,269
2023-01-01D12:10:52.000429487,GBPUSD,1350064,562
2023-01-01D12:10:52.000671946,USDJPY,114999265,336
2023-01-01D12:10:52.000818643,EURUSD,1199741,894
2023-01-01D12:10:53.000288519,USDJPY,114999444,359
2023-01-01D12:10:53.000357176,EURUSD,1199509,261
2023-01-01D12:10:53.000754845,GBPUSD,1349767,793
2023-01-01D12:10:54.000401356,EURUSD,1199826,632
2023-01-01D12:10:54.000422940,USDJPY,115000589,241
2023-01-01D12:10:54.000812661,GBPUSD,1349827,352
2023-01-01D12:10:55.000379332,GBPUSD,1350176,81
2023-01-01D12:10:55.000382679,USDJPY,115000690,313
2023-01-01D12:10:55.000780944,EURUSD,1200878,146
2023-01-01D12:10:56.000356966,USDJPY,114999905,451
2023-01-01D12:10:56.000411500,EURUSD,1200881,121
2023-01-01D12:10:56.000474347,GBPUSD,1350212,239
2023-01-01D12:10:57.000147934,EURUSD,1199710,209
2023-01-01D12:10:57.000822109,USDJPY,114999729,132
2023-01-01D12:10:57.000894122,GBPUSD,1350420,249
2023-01-01D12:10:58.000334134,USDJPY,114999377,55
2023-01-01D12:10:58.000638602,EURUSD,1201011,52
2023-01-01D12:10:58.000962591,GBPUSD,1349791,955
2023-01-01D12:10:59.000323486,EURUSD,1200848,281
2023-01-01D12:10:59.000325843,GBPUSD,1350115,340
2023-01-01D12:10:59.000609037,USDJPY,115000902,564
2023-01-01D12:11:00.000198510,USDJPY,115000494,476
2023-01-01D12:11:00.000380810,GBPUSD,1349959,449
2023-01-01D12:11:00.000762193,EURUSD,1199854,652
2023-01-01D12:11:01.000650112,EURUSD,1199901,187
2023-01-01D12:11:01.000748719,USDJPY,114999441,665
2023-01-01D12:11:01.000917641,GBPUSD,1349698,924
2023-01-01D12:11:02.000003024,EURUSD,1199689,522
2023-01-01D12:11:02.000191278,GBPUSD,1349882,511
2023-01-01D12:11:02.000477389,USDJPY,115000967,307
2023-01-01D12:11:03.000058960,EURUSD,1199690,203
2023-01-01D12:11:03.000538385,GBPUSD,1350035,455
2023-01-01D12:11:03.000922933,USDJPY,114999865,931
2023-01-01D12:11:04.000324868,GBPUSD,1351100,968
2023-01-01D12:11:04.000692519,EURUSD,1199949,663
2023-01-01D12:11:04.000989223,USDJPY,114999913,462
2023-01-01D12:11:05.000038962,GBPUSD,1350317,917
2023-01-01D12:11:05.000246264,EURUSD,1200859,93
2023-01-01D12:11:05.000700383,USDJPY,115000883,907
2023-01-01D12:11:06.000336117,GBPUSD,1351032,100
2023-01-01D12:11:06.000435612,EURUSD,1199584,923
2023-01-01D12:11:06.000847757,USDJPY,115000571,654
2023-01-01D12:11:07.000127754,EURUSD,1200847,167
2023-01-01D12:11:07.000500539,GBPUSD,1349137,154
2023-01-01D12:11:07.000783611,USDJPY,115000858,483
2023-01-01D12:11:08.000381201,USDJPY,114999222,975
2023-01-01D12:11:08.000433179,GBPUSD,1351024,435
2023-01-01D12:11:08.000909129,EURUSD,1200775,209
2023-01-01D12:11:09.000014837,GBPUSD,1349976,531
2023-01-01D12:11:09.000279518,EURUSD,1200611,663
2023-01-01D12:11:09.000842516,USDJPY,114999722,598
2023-01-01D12:11:10.000116513,USDJPY,115000448,615
2023-01-01D12:11:10.000551675,GBPUSD,1349137,263
2023-01-01D12:11:10.000736447,EURUSD,1200119,138
2023-01-01D12:11:11.000395365,USDJPY,115000773,616
2023-01-01D12:11:11.000420840,EURUSD,1200795,118
2023-01-01D12:11:11.000558334,GBPUSD,1350244,930
